TRADINGDAY,INSTRUMENTID,EXCHANGEID,EXCHANGEINSTID,LASTPRICE,PRESETTLEMENTPRICE,PRECLOSEPRICE,PREOPENINTEREST,OPENPRICE,HIGHESTPRICE,LOWESTPRICE,VOLUME,TURNOVER,OPENINTEREST,CLOSEPRICE,SETTLEMENTPRICE,UPPERLIMITPRICE,LOWERLIMITPRICE,PREDELTA,CURRDELTA,UPDATETIME,UPDATEMILLISEC,BIDPRICE1,BIDVOLUME1,ASKPRICE1,ASKVOLUME1,BIDPRICE2,BIDVOLUME2,ASKPRICE2,ASKVOLUME2,BIDPRICE3,BIDVOLUME3,ASKPRICE3,ASKVOLUME3,BIDPRICE4,BIDVOLUME4,ASKPRICE4,ASKVOLUME4,BIDPRICE5,BIDVOLUME5,ASKPRICE5,ASKVOLUME5,AVERAGEPRICE,BIDPRICE6,BIDVOLUME6,ASKPRICE6,ASKVOLUME6,BIDPRICE7,BIDVOLUME7,ASKPRICE7,ASKVOLUME7,BIDPRICE8,BIDVOLUME8,ASKPRICE8,ASKVOLUME8,BIDPRICE9,BIDVOLUME9,ASKPRICE9,ASKVOLUME9,BIDPRICE10,BIDVOLUME10,ASKPRICE10,ASKVOLUME10,NEWVOLUME,VALIDATEDATE,INSERTDBTIME
20140516,HO1405-P-1300,,,10,4.4,10,68539,1.00E+126,1.00E+126,1.00E+126,0,0,68539,1.00E+126,1.00E+126,153.2,0.2,1.00E+126,1.00E+126,7:30:48,100,1.00E+126,0,1.00E+126,0,1.00E+126,0,1.00E+126,0,1.00E+126,0,1.00E+126,0,1.00E+126,0,1.00E+126,0,1.00E+126,0,1.00E+126,0,0,1.00E+126,-17891602,1.00E+126,-17891602,1.00E+126,-17891602,1.00E+126,-17891602,1.00E+126,-17891602,1.00E+126,-17891602,1.00E+126,-17891602,1.00E+126,-17891602,1.00E+126,-17891602,1.00E+126,-17891602,-17891602,20140516,2014-5-16 9:22
20140516,HO1405-P-1350,,,20,12,20,7958,1.00E+126,1.00E+126,1.00E+126,0,0,7958,1.00E+126,1.00E+126,160.8,0.2,1.00E+126,1.00E+126,7:30:48,100,1.00E+126,0,1.00E+126,0,1.00E+126,0,1.00E+126,0,1.00E+126,0,1.00E+126,0,1.00E+126,0,1.00E+126,0,1.00E+126,0,1.00E+126,0,0,1.00E+126,-17891602,1.00E+126,-17891602,1.00E+126,-17891602,1.00E+126,-17891602,1.00E+126,-17891602,1.00E+126,-17891602,1.00E+126,-17891602,1.00E+126,-17891602,1.00E+126,-17891602,1.00E+126,-17891602,-17891602,20140516,2014-5-16 9:22
20140516,HO1405-P-1400,,,10,9.8,10,4164,1.00E+126,1.00E+126,1.00E+126,0,0,4164,1.00E+126,1.00E+126,158.6,0.2,1.00E+126,1.00E+126,7:30:48,100,1.00E+126,0,1.00E+126,0,1.00E+126,0,1.00E+126,0,1.00E+126,0,1.00E+126,0,1.00E+126,0,1.00E+126,0,1.00E+126,0,1.00E+126,0,0,1.00E+126,-17891602,1.00E+126,-17891602,1.00E+126,-17891602,1.00E+126,-17891602,1.00E+126,-17891602,1.00E+126,-17891602,1.00E+126,-17891602,1.00E+126,-17891602,1.00E+126,-17891602,1.00E+126,-17891602,-17891602,20140516,2014-5-16 9:22
20140516,HO1405-P-1450,,,5,4.8,5,6069,1.00E+126,1.00E+126,1.00E+126,0,0,6069,1.00E+126,1.00E+126,153.6,0.2,1.00E+126,1.00E+126,7:30:48,100,1.00E+126,0,1.00E+126,0,1.00E+126,0,1.00E+126,0,1.00E+126,0,1.00E+126,0,1.00E+126,0,1.00E+126,0,1.00E+126,0,1.00E+126,0,0,1.00E+126,-17891602,1.00E+126,-17891602,1.00E+126,-17891602,1.00E+126,-17891602,1.00E+126,-17891602,1.00E+126,-17891602,1.00E+126,-17891602,1.00E+126,-17891602,1.00E+126,-17891602,1.00E+126,-17891602,-17891602,20140516,2014-5-16 9:22
20140516,HO1405-P-1500,,,17,17.4,17,2242,1.00E+126,1.00E+126,1.00E+126,0,0,2242,1.00E+126,1.00E+126,166.2,0.2,1.00E+126,1.00E+126,7:30:48,100,1.00E+126,0,1.00E+126,0,1.00E+126,0,1.00E+126,0,1.00E+126,0,1.00E+126,0,1.00E+126,0,1.00E+126,0,1.00E+126,0,1.00E+126,0,0,1.00E+126,-17891602,1.00E+126,-17891602,1.00E+126,-17891602,1.00E+126,-17891602,1.00E+126,-17891602,1.00E+126,-17891602,1.00E+126,-17891602,1.00E+126,-17891602,1.00E+126,-17891602,1.00E+126,-17891602,-17891602,20140516,2014-5-16 9:22
20140516,HO1405-P-1550,,,40,66.8,40,1800,1.00E+126,1.00E+126,1.00E+126,0,0,1800,1.00E+126,1.00E+126,215.6,0.2,1.00E+126,1.00E+126,7:30:48,100,1.00E+126,0,1.00E+126,0,1.00E+126,0,1.00E+126,0,1.00E+126,0,1.00E+126,0,1.00E+126,0,1.00E+126,0,1.00E+126,0,1.00E+126,0,0,1.00E+126,-17891602,1.00E+126,-17891602,1.00E+126,-17891602,1.00E+126,-17891602,1.00E+126,-17891602,1.00E+126,-17891602,1.00E+126,-17891602,1.00E+126,-17891602,1.00E+126,-17891602,1.00E+126,-17891602,-17891602,20140516,2014-5-16 9:22
20140516,HO1405-P-1600,,,99.8,116.6,99.8,704,1.00E+126,1.00E+126,1.00E+126,0,0,704,1.00E+126,1.00E+126,265.4,0.2,1.00E+126,1.00E+126,7:30:48,100,1.00E+126,0,1.00E+126,0,1.00E+126,0,1.00E+126,0,1.00E+126,0,1.00E+126,0,1.00E+126,0,1.00E+126,0,1.00E+126,0,1.00E+126,0,0,1.00E+126,-17891602,1.00E+126,-17891602,1.00E+126,-17891602,1.00E+126,-17891602,1.00E+126,-17891602,1.00E+126,-17891602,1.00E+126,-17891602,1.00E+126,-17891602,1.00E+126,-17891602,1.00E+126,-17891602,-17891602,20140516,2014-5-16 9:22
20140516,HO1405-P-1650,,,82,189.4,82,662,1.00E+126,1.00E+126,1.00E+126,0,0,662,1.00E+126,1.00E+126,338.2,40.6,1.00E+126,1.00E+126,7:30:48,100,1.00E+126,0,1.00E+126,0,1.00E+126,0,1.00E+126,0,1.00E+126,0,1.00E+126,0,1.00E+126,0,1.00E+126,0,1.00E+126,0,1.00E+126,0,0,1.00E+126,-17891602,1.00E+126,-17891602,1.00E+126,-17891602,1.00E+126,-17891602,1.00E+126,-17891602,1.00E+126,-17891602,1.00E+126,-17891602,1.00E+126,-17891602,1.00E+126,-17891602,1.00E+126,-17891602,-17891602,20140516,2014-5-16 9:22
20140516,HO1405-P-1700,,,218.6,218.6,218.6,1023,1.00E+126,1.00E+126,1.00E+126,0,0,1023,1.00E+126,1.00E+126,367.4,69.8,1.00E+126,1.00E+126,7:30:48,100,1.00E+126,0,1.00E+126,0,1.00E+126,0,1.00E+126,0,1.00E+126,0,1.00E+126,0,1.00E+126,0,1.00E+126,0,1.00E+126,0,1.00E+126,0,0,1.00E+126,-17891602,1.00E+126,-17891602,1.00E+126,-17891602,1.00E+126,-17891602,1.00E+126,-17891602,1.00E+126,-17891602,1.00E+126,-17891602,1.00E+126,-17891602,1.00E+126,-17891602,1.00E+126,-17891602,-17891602,20140516,2014-5-16 9:22
20140516,HO1406-C-1300,,,232.4,195.4,232.4,1065,1.00E+126,1.00E+126,1.00E+126,0,0,1065,1.00E+126,1.00E+126,344.2,46.6,1.00E+126,1.00E+126,7:30:48,100,1.00E+126,0,1.00E+126,0,1.00E+126,0,1.00E+126,0,1.00E+126,0,1.00E+126,0,1.00E+126,0,1.00E+126,0,1.00E+126,0,1.00E+126,0,0,1.00E+126,-17891602,1.00E+126,-17891602,1.00E+126,-17891602,1.00E+126,-17891602,1.00E+126,-17891602,1.00E+126,-17891602,1.00E+126,-17891602,1.00E+126,-17891602,1.00E+126,-17891602,1.00E+126,-17891602,-17891602,20140516,2014-5-16 9:22
20140516,HO1406-C-1350,,,314.2,314.2,314.2,1377,1.00E+126,1.00E+126,1.00E+126,0,0,1377,1.00E+126,1.00E+126,463,165.4,1.00E+126,1.00E+126,7:30:48,100,1.00E+126,0,1.00E+126,0,1.00E+126,0,1.00E+126,0,1.00E+126,0,1.00E+126,0,1.00E+126,0,1.00E+126,0,1.00E+126,0,1.00E+126,0,0,1.00E+126,-17891602,1.00E+126,-17891602,1.00E+126,-17891602,1.00E+126,-17891602,1.00E+126,-17891602,1.00E+126,-17891602,1.00E+126,-17891602,1.00E+126,-17891602,1.00E+126,-17891602,1.00E+126,-17891602,-17891602,20140516,2014-5-16 9:22
20140516,HO1406-C-1400,,,145.4,154,145.4,1224,1.00E+126,1.00E+126,1.00E+126,0,0,1224,1.00E+126,1.00E+126,302.8,5.2,1.00E+126,1.00E+126,7:30:48,100,1.00E+126,0,1.00E+126,0,1.00E+126,0,1.00E+126,0,1.00E+126,0,1.00E+126,0,1.00E+126,0,1.00E+126,0,1.00E+126,0,1.00E+126,0,0,1.00E+126,-17891602,1.00E+126,-17891602,1.00E+126,-17891602,1.00E+126,-17891602,1.00E+126,-17891602,1.00E+126,-17891602,1.00E+126,-17891602,1.00E+126,-17891602,1.00E+126,-17891602,1.00E+126,-17891602,-17891602,20140516,2014-5-16 9:22
20140516,HO1406-C-1450,,,155,149.2,155,852,1.00E+126,1.00E+126,1.00E+126,0,0,852,1.00E+126,1.00E+126,298,0.4,1.00E+126,1.00E+126,7:30:48,100,1.00E+126,0,1.00E+126,0,1.00E+126,0,1.00E+126,0,1.00E+126,0,1.00E+126,0,1.00E+126,0,1.00E+126,0,1.00E+126,0,1.00E+126,0,0,1.00E+126,-17891602,1.00E+126,-17891602,1.00E+126,-17891602,1.00E+126,-17891602,1.00E+126,-17891602,1.00E+126,-17891602,1.00E+126,-17891602,1.00E+126,-17891602,1.00E+126,-17891602,1.00E+126,-17891602,-17891602,20140516,2014-5-16 9:22
20140516,HO1406-C-1500,,,68.6,47,68.6,5731,1.00E+126,1.00E+126,1.00E+126,0,0,5731,1.00E+126,1.00E+126,195.8,0.2,1.00E+126,1.00E+126,7:30:48,100,1.00E+126,0,1.00E+126,0,1.00E+126,0,1.00E+126,0,1.00E+126,0,1.00E+126,0,1.00E+126,0,1.00E+126,0,1.00E+126,0,1.00E+126,0,0,1.00E+126,-17891602,1.00E+126,-17891602,1.00E+126,-17891602,1.00E+126,-17891602,1.00E+126,-17891602,1.00E+126,-17891602,1.00E+126,-17891602,1.00E+126,-17891602,1.00E+126,-17891602,1.00E+126,-17891602,-17891602,20140516,2014-5-16 9:22
20140516,HO1406-C-1550,,,80,79.6,80,2276,1.00E+126,1.00E+126,1.00E+126,0,0,2276,1.00E+126,1.00E+126,228.4,0.2,1.00E+126,1.00E+126,7:30:48,100,1.00E+126,0,1.00E+126,0,1.00E+126,0,1.00E+126,0,1.00E+126,0,1.00E+126,0,1.00E+126,0,1.00E+126,0,1.00E+126,0,1.00E+126,0,0,1.00E+126,-17891602,1.00E+126,-17891602,1.00E+126,-17891602,1.00E+126,-17891602,1.00E+126,-17891602,1.00E+126,-17891602,1.00E+126,-17891602,1.00E+126,-17891602,1.00E+126,-17891602,1.00E+126,-17891602,-17891602,20140516,2014-5-16 9:22
20140516,HO1406-C-1600,,,120,45.2,120,6413,1.00E+126,1.00E+126,1.00E+126,0,0,6413,1.00E+126,1.00E+126,194,0.2,1.00E+126,1.00E+126,7:30:48,100,1.00E+126,0,1.00E+126,0,1.00E+126,0,1.00E+126,0,1.00E+126,0,1.00E+126,0,1.00E+126,0,1.00E+126,0,1.00E+126,0,1.00E+126,0,0,1.00E+126,-17891602,1.00E+126,-17891602,1.00E+126,-17891602,1.00E+126,-17891602,1.00E+126,-17891602,1.00E+126,-17891602,1.00E+126,-17891602,1.00E+126,-17891602,1.00E+126,-17891602,1.00E+126,-17891602,-17891602,20140516,2014-5-16 9:22
20140516,HO1406-C-1650,,,10,40,10,4168,1.00E+126,1.00E+126,1.00E+126,0,0,4168,1.00E+126,1.00E+126,188.8,0.2,1.00E+126,1.00E+126,7:30:48,100,1.00E+126,0,1.00E+126,0,1.00E+126,0,1.00E+126,0,1.00E+126,0,1.00E+126,0,1.00E+126,0,1.00E+126,0,1.00E+126,0,1.00E+126,0,0,1.00E+126,-17891602,1.00E+126,-17891602,1.00E+126,-17891602,1.00E+126,-17891602,1.00E+126,-17891602,1.00E+126,-17891602,1.00E+126,-17891602,1.00E+126,-17891602,1.00E+126,-17891602,1.00E+126,-17891602,-17891602,20140516,2014-5-16 9:22
20140516,HO1406-C-1700,,,34.8,26,34.8,5124,1.00E+126,1.00E+126,1.00E+126,0,0,5124,1.00E+126,1.00E+126,174.8,0.2,1.00E+126,1.00E+126,7:30:48,100,1.00E+126,0,1.00E+126,0,1.00E+126,0,1.00E+126,0,1.00E+126,0,1.00E+126,0,1.00E+126,0,1.00E+126,0,1.00E+126,0,1.00E+126,0,0,1.00E+126,-17891602,1.00E+126,-17891602,1.00E+126,-17891602,1.00E+126,-17891602,1.00E+126,-17891602,1.00E+126,-17891602,1.00E+126,-17891602,1.00E+126,-17891602,1.00E+126,-17891602,1.00E+126,-17891602,-17891602,20140516,2014-5-16 9:22
20140516,HO1406-P-1300,,,20,19.4,20,3519,1.00E+126,1.00E+126,1.00E+126,0,0,3519,1.00E+126,1.00E+126,168.2,0.2,1.00E+126,1.00E+126,7:30:48,100,1.00E+126,0,1.00E+126,0,1.00E+126,0,1.00E+126,0,1.00E+126,0,1.00E+126,0,1.00E+126,0,1.00E+126,0,1.00E+126,0,1.00E+126,0,0,1.00E+126,-17891602,1.00E+126,-17891602,1.00E+126,-17891602,1.00E+126,-17891602,1.00E+126,-17891602,1.00E+126,-17891602,1.00E+126,-17891602,1.00E+126,-17891602,1.00E+126,-17891602,1.00E+126,-17891602,-17891602,20140516,2014-5-16 9:22
20140516,HO1406-P-1350,,,30,30,30,2262,1.00E+126,1.00E+126,1.00E+126,0,0,2262,1.00E+126,1.00E+126,178.8,0.2,1.00E+126,1.00E+126,7:30:48,100,1.00E+126,0,1.00E+126,0,1.00E+126,0,1.00E+126,0,1.00E+126,0,1.00E+126,0,1.00E+126,0,1.00E+126,0,1.00E+126,0,1.00E+126,0,0,1.00E+126,-17891602,1.00E+126,-17891602,1.00E+126,-17891602,1.00E+126,-17891602,1.00E+126,-17891602,1.00E+126,-17891602,1.00E+126,-17891602,1.00E+126,-17891602,1.00E+126,-17891602,1.00E+126,-17891602,-17891602,20140516,2014-5-16 9:22
20140516,HO1406-P-1400,,,36.2,51,36.2,2699,1.00E+126,1.00E+126,1.00E+126,0,0,2699,1.00E+126,1.00E+126,199.8,0.2,1.00E+126,1.00E+126,7:30:48,100,1.00E+126,0,1.00E+126,0,1.00E+126,0,1.00E+126,0,1.00E+126,0,1.00E+126,0,1.00E+126,0,1.00E+126,0,1.00E+126,0,1.00E+126,0,0,1.00E+126,-17891602,1.00E+126,-17891602,1.00E+126,-17891602,1.00E+126,-17891602,1.00E+126,-17891602,1.00E+126,-17891602,1.00E+126,-17891602,1.00E+126,-17891602,1.00E+126,-17891602,1.00E+126,-17891602,-17891602,20140516,2014-5-16 9:22
20140516,HO1406-P-1450,,,120,109.2,120,3038,1.00E+126,1.00E+126,1.00E+126,0,0,3038,1.00E+126,1.00E+126,258,0.2,1.00E+126,1.00E+126,7:30:48,100,1.00E+126,0,1.00E+126,0,1.00E+126,0,1.00E+126,0,1.00E+126,0,1.00E+126,0,1.00E+126,0,1.00E+126,0,1.00E+126,0,1.00E+126,0,0,1.00E+126,-17891602,1.00E+126,-17891602,1.00E+126,-17891602,1.00E+126,-17891602,1.00E+126,-17891602,1.00E+126,-17891602,1.00E+126,-17891602,1.00E+126,-17891602,1.00E+126,-17891602,1.00E+126,-17891602,-17891602,20140516,2014-5-16 9:22
20140516,HO1406-P-1500,,,149.6,149.6,149.6,1253,1.00E+126,1.00E+126,1.00E+126,0,0,1253,1.00E+126,1.00E+126,298.4,0.8,1.00E+126,1.00E+126,7:30:48,100,1.00E+126,0,1.00E+126,0,1.00E+126,0,1.00E+126,0,1.00E+126,0,1.00E+126,0,1.00E+126,0,1.00E+126,0,1.00E+126,0,1.00E+126,0,0,1.00E+126,-17891602,1.00E+126,-17891602,1.00E+126,-17891602,1.00E+126,-17891602,1.00E+126,-17891602,1.00E+126,-17891602,1.00E+126,-17891602,1.00E+126,-17891602,1.00E+126,-17891602,1.00E+126,-17891602,-17891602,20140516,2014-5-16 9:22
20140516,HO1406-P-1550,,,68.4,152.6,68.4,1653,1.00E+126,1.00E+126,1.00E+126,0,0,1653,1.00E+126,1.00E+126,301.4,3.8,1.00E+126,1.00E+126,7:30:48,100,1.00E+126,0,1.00E+126,0,1.00E+126,0,1.00E+126,0,1.00E+126,0,1.00E+126,0,1.00E+126,0,1.00E+126,0,1.00E+126,0,1.00E+126,0,0,1.00E+126,-17891602,1.00E+126,-17891602,1.00E+126,-17891602,1.00E+126,-17891602,1.00E+126,-17891602,1.00E+126,-17891602,1.00E+126,-17891602,1.00E+126,-17891602,1.00E+126,-17891602,1.00E+126,-17891602,-17891602,20140516,2014-5-16 9:22
20140516,HO1406-P-1600,,,153,146.4,153,1096,1.00E+126,1.00E+126,1.00E+126,0,0,1096,1.00E+126,1.00E+126,295.2,0.2,1.00E+126,1.00E+126,7:30:48,100,1.00E+126,0,1.00E+126,0,1.00E+126,0,1.00E+126,0,1.00E+126,0,1.00E+126,0,1.00E+126,0,1.00E+126,0,1.00E+126,0,1.00E+126,0,0,1.00E+126,-17891602,1.00E+126,-17891602,1.00E+126,-17891602,1.00E+126,-17891602,1.00E+126,-17891602,1.00E+126,-17891602,1.00E+126,-17891602,1.00E+126,-17891602,1.00E+126,-17891602,1.00E+126,-17891602,-17891602,20140516,2014-5-16 9:22
20140516,HO1406-P-1650,,,191.6,212.8,191.6,1755,1.00E+126,1.00E+126,1.00E+126,0,0,1755,1.00E+126,1.00E+126,361.6,64,1.00E+126,1.00E+126,7:30:48,100,1.00E+126,0,1.00E+126,0,1.00E+126,0,1.00E+126,0,1.00E+126,0,1.00E+126,0,1.00E+126,0,1.00E+126,0,1.00E+126,0,1.00E+126,0,0,1.00E+126,-17891602,1.00E+126,-17891602,1.00E+126,-17891602,1.00E+126,-17891602,1.00E+126,-17891602,1.00E+126,-17891602,1.00E+126,-17891602,1.00E+126,-17891602,1.00E+126,-17891602,1.00E+126,-17891602,-17891602,20140516,2014-5-16 9:22
20140516,HO1406-P-1700,,,253.4,248.6,253.4,799,1.00E+126,1.00E+126,1.00E+126,0,0,799,1.00E+126,1.00E+126,397.4,99.8,1.00E+126,1.00E+126,7:30:48,100,1.00E+126,0,1.00E+126,0,1.00E+126,0,1.00E+126,0,1.00E+126,0,1.00E+126,0,1.00E+126,0,1.00E+126,0,1.00E+126,0,1.00E+126,0,0,1.00E+126,-17891602,1.00E+126,-17891602,1.00E+126,-17891602,1.00E+126,-17891602,1.00E+126,-17891602,1.00E+126,-17891602,1.00E+126,-17891602,1.00E+126,-17891602,1.00E+126,-17891602,1.00E+126,-17891602,-17891602,20140516,2014-5-16 9:22
20140516,HO1407-C-1350,,,161.8,203,161.8,564,1.00E+126,1.00E+126,1.00E+126,0,0,564,1.00E+126,1.00E+126,351.8,54.2,1.00E+126,1.00E+126,7:30:48,100,1.00E+126,0,1.00E+126,0,1.00E+126,0,1.00E+126,0,1.00E+126,0,1.00E+126,0,1.00E+126,0,1.00E+126,0,1.00E+126,0,1.00E+126,0,0,1.00E+126,-17891602,1.00E+126,-17891602,1.00E+126,-17891602,1.00E+126,-17891602,1.00E+126,-17891602,1.00E+126,-17891602,1.00E+126,-17891602,1.00E+126,-17891602,1.00E+126,-17891602,1.00E+126,-17891602,-17891602,20140516,2014-5-16 9:22
20140516,HO1407-C-1400,,,133.6,133.6,133.6,669,1.00E+126,1.00E+126,1.00E+126,0,0,669,1.00E+126,1.00E+126,282.4,0.2,1.00E+126,1.00E+126,7:30:48,100,1.00E+126,0,1.00E+126,0,1.00E+126,0,1.00E+126,0,1.00E+126,0,1.00E+126,0,1.00E+126,0,1.00E+126,0,1.00E+126,0,1.00E+126,0,0,1.00E+126,-17891602,1.00E+126,-17891602,1.00E+126,-17891602,1.00E+126,-17891602,1.00E+126,-17891602,1.00E+126,-17891602,1.00E+126,-17891602,1.00E+126,-17891602,1.00E+126,-17891602,1.00E+126,-17891602,-17891602,20140516,2014-5-16 9:22
20140516,HO1407-C-1450,,,107,107,107,620,1.00E+126,1.00E+126,1.00E+126,0,0,620,1.00E+126,1.00E+126,255.8,0.2,1.00E+126,1.00E+126,7:30:48,100,1.00E+126,0,1.00E+126,0,1.00E+126,0,1.00E+126,0,1.00E+126,0,1.00E+126,0,1.00E+126,0,1.00E+126,0,1.00E+126,0,1.00E+126,0,0,1.00E+126,-17891602,1.00E+126,-17891602,1.00E+126,-17891602,1.00E+126,-17891602,1.00E+126,-17891602,1.00E+126,-17891602,1.00E+126,-17891602,1.00E+126,-17891602,1.00E+126,-17891602,1.00E+126,-17891602,-17891602,20140516,2014-5-16 9:22
20140516,HO1407-C-1500,,,80,124.2,80,2573,1.00E+126,1.00E+126,1.00E+126,0,0,2573,1.00E+126,1.00E+126,273,0.2,1.00E+126,1.00E+126,7:30:48,100,1.00E+126,0,1.00E+126,0,1.00E+126,0,1.00E+126,0,1.00E+126,0,1.00E+126,0,1.00E+126,0,1.00E+126,0,1.00E+126,0,1.00E+126,0,0,1.00E+126,-17891602,1.00E+126,-17891602,1.00E+126,-17891602,1.00E+126,-17891602,1.00E+126,-17891602,1.00E+126,-17891602,1.00E+126,-17891602,1.00E+126,-17891602,1.00E+126,-17891602,1.00E+126,-17891602,-17891602,20140516,2014-5-16 9:22
20140516,HO1407-C-1550,,,139,138.8,139,1367,1.00E+126,1.00E+126,1.00E+126,0,0,1367,1.00E+126,1.00E+126,287.6,0.2,1.00E+126,1.00E+126,7:30:48,100,1.00E+126,0,1.00E+126,0,1.00E+126,0,1.00E+126,0,1.00E+126,0,1.00E+126,0,1.00E+126,0,1.00E+126,0,1.00E+126,0,1.00E+126,0,0,1.00E+126,-17891602,1.00E+126,-17891602,1.00E+126,-17891602,1.00E+126,-17891602,1.00E+126,-17891602,1.00E+126,-17891602,1.00E+126,-17891602,1.00E+126,-17891602,1.00E+126,-17891602,1.00E+126,-17891602,-17891602,20140516,2014-5-16 9:22
20140516,HO1407-C-1600,,,58,91.6,58,1191,1.00E+126,1.00E+126,1.00E+126,0,0,1191,1.00E+126,1.00E+126,240.4,0.2,1.00E+126,1.00E+126,7:30:48,100,1.00E+126,0,1.00E+126,0,1.00E+126,0,1.00E+126,0,1.00E+126,0,1.00E+126,0,1.00E+126,0,1.00E+126,0,1.00E+126,0,1.00E+126,0,0,1.00E+126,-17891602,1.00E+126,-17891602,1.00E+126,-17891602,1.00E+126,-17891602,1.00E+126,-17891602,1.00E+126,-17891602,1.00E+126,-17891602,1.00E+126,-17891602,1.00E+126,-17891602,1.00E+126,-17891602,-17891602,20140516,2014-5-16 9:22
20140516,HO1407-C-1650,,,52,80.4,52,1359,1.00E+126,1.00E+126,1.00E+126,0,0,1359,1.00E+126,1.00E+126,229.2,0.2,1.00E+126,1.00E+126,7:30:48,100,1.00E+126,0,1.00E+126,0,1.00E+126,0,1.00E+126,0,1.00E+126,0,1.00E+126,0,1.00E+126,0,1.00E+126,0,1.00E+126,0,1.00E+126,0,0,1.00E+126,-17891602,1.00E+126,-17891602,1.00E+126,-17891602,1.00E+126,-17891602,1.00E+126,-17891602,1.00E+126,-17891602,1.00E+126,-17891602,1.00E+126,-17891602,1.00E+126,-17891602,1.00E+126,-17891602,-17891602,20140516,2014-5-16 9:22
20140516,HO1407-P-1350,,,80,80,80,554,1.00E+126,1.00E+126,1.00E+126,0,0,554,1.00E+126,1.00E+126,228.8,0.2,1.00E+126,1.00E+126,7:30:48,100,1.00E+126,0,1.00E+126,0,1.00E+126,0,1.00E+126,0,1.00E+126,0,1.00E+126,0,1.00E+126,0,1.00E+126,0,1.00E+126,0,1.00E+126,0,0,1.00E+126,-17891602,1.00E+126,-17891602,1.00E+126,-17891602,1.00E+126,-17891602,1.00E+126,-17891602,1.00E+126,-17891602,1.00E+126,-17891602,1.00E+126,-17891602,1.00E+126,-17891602,1.00E+126,-17891602,-17891602,20140516,2014-5-16 9:22
20140516,HO1407-P-1400,,,37,99.2,37,3755,1.00E+126,1.00E+126,1.00E+126,0,0,3755,1.00E+126,1.00E+126,248,0.2,1.00E+126,1.00E+126,7:30:48,100,1.00E+126,0,1.00E+126,0,1.00E+126,0,1.00E+126,0,1.00E+126,0,1.00E+126,0,1.00E+126,0,1.00E+126,0,1.00E+126,0,1.00E+126,0,0,1.00E+126,-17891602,1.00E+126,-17891602,1.00E+126,-17891602,1.00E+126,-17891602,1.00E+126,-17891602,1.00E+126,-17891602,1.00E+126,-17891602,1.00E+126,-17891602,1.00E+126,-17891602,1.00E+126,-17891602,-17891602,20140516,2014-5-16 9:22
20140516,HO1407-P-1450,,,91,90.4,91,1068,1.00E+126,1.00E+126,1.00E+126,0,0,1068,1.00E+126,1.00E+126,239.2,0.2,1.00E+126,1.00E+126,7:30:48,100,1.00E+126,0,1.00E+126,0,1.00E+126,0,1.00E+126,0,1.00E+126,0,1.00E+126,0,1.00E+126,0,1.00E+126,0,1.00E+126,0,1.00E+126,0,0,1.00E+126,-17891602,1.00E+126,-17891602,1.00E+126,-17891602,1.00E+126,-17891602,1.00E+126,-17891602,1.00E+126,-17891602,1.00E+126,-17891602,1.00E+126,-17891602,1.00E+126,-17891602,1.00E+126,-17891602,-17891602,20140516,2014-5-16 9:22
20140516,HO1407-P-1500,,,70,150.2,70,2447,1.00E+126,1.00E+126,1.00E+126,0,0,2447,1.00E+126,1.00E+126,299,1.4,1.00E+126,1.00E+126,7:30:48,100,1.00E+126,0,1.00E+126,0,1.00E+126,0,1.00E+126,0,1.00E+126,0,1.00E+126,0,1.00E+126,0,1.00E+126,0,1.00E+126,0,1.00E+126,0,0,1.00E+126,-17891602,1.00E+126,-17891602,1.00E+126,-17891602,1.00E+126,-17891602,1.00E+126,-17891602,1.00E+126,-17891602,1.00E+126,-17891602,1.00E+126,-17891602,1.00E+126,-17891602,1.00E+126,-17891602,-17891602,20140516,2014-5-16 9:22
20140516,HO1407-P-1550,,,107,103,107,1936,1.00E+126,1.00E+126,1.00E+126,0,0,1936,1.00E+126,1.00E+126,251.8,0.2,1.00E+126,1.00E+126,7:30:48,100,1.00E+126,0,1.00E+126,0,1.00E+126,0,1.00E+126,0,1.00E+126,0,1.00E+126,0,1.00E+126,0,1.00E+126,0,1.00E+126,0,1.00E+126,0,0,1.00E+126,-17891602,1.00E+126,-17891602,1.00E+126,-17891602,1.00E+126,-17891602,1.00E+126,-17891602,1.00E+126,-17891602,1.00E+126,-17891602,1.00E+126,-17891602,1.00E+126,-17891602,1.00E+126,-17891602,-17891602,20140516,2014-5-16 9:22
20140516,HO1407-P-1600,,,117.8,217,117.8,377,1.00E+126,1.00E+126,1.00E+126,0,0,377,1.00E+126,1.00E+126,365.8,68.2,1.00E+126,1.00E+126,7:30:48,100,1.00E+126,0,1.00E+126,0,1.00E+126,0,1.00E+126,0,1.00E+126,0,1.00E+126,0,1.00E+126,0,1.00E+126,0,1.00E+126,0,1.00E+126,0,0,1.00E+126,-17891602,1.00E+126,-17891602,1.00E+126,-17891602,1.00E+126,-17891602,1.00E+126,-17891602,1.00E+126,-17891602,1.00E+126,-17891602,1.00E+126,-17891602,1.00E+126,-17891602,1.00E+126,-17891602,-17891602,20140516,2014-5-16 9:22
20140516,HO1407-P-1650,,,163.4,255.6,163.4,502,1.00E+126,1.00E+126,1.00E+126,0,0,502,1.00E+126,1.00E+126,404.4,106.8,1.00E+126,1.00E+126,7:30:48,100,1.00E+126,0,1.00E+126,0,1.00E+126,0,1.00E+126,0,1.00E+126,0,1.00E+126,0,1.00E+126,0,1.00E+126,0,1.00E+126,0,1.00E+126,0,0,1.00E+126,-17891602,1.00E+126,-17891602,1.00E+126,-17891602,1.00E+126,-17891602,1.00E+126,-17891602,1.00E+126,-17891602,1.00E+126,-17891602,1.00E+126,-17891602,1.00E+126,-17891602,1.00E+126,-17891602,-17891602,20140516,2014-5-16 9:22
20140516,HO1409-C-1300,,,296,291.2,296,1616,1.00E+126,1.00E+126,1.00E+126,0,0,1616,1.00E+126,1.00E+126,440,142.4,1.00E+126,1.00E+126,7:30:48,100,1.00E+126,0,1.00E+126,0,1.00E+126,0,1.00E+126,0,1.00E+126,0,1.00E+126,0,1.00E+126,0,1.00E+126,0,1.00E+126,0,1.00E+126,0,0,1.00E+126,-17891602,1.00E+126,-17891602,1.00E+126,-17891602,1.00E+126,-17891602,1.00E+126,-17891602,1.00E+126,-17891602,1.00E+126,-17891602,1.00E+126,-17891602,1.00E+126,-17891602,1.00E+126,-17891602,-17891602,20140516,2014-5-16 9:22
20140516,HO1409-C-1400,,,175.2,181,175.2,1656,1.00E+126,1.00E+126,1.00E+126,0,0,1656,1.00E+126,1.00E+126,329.8,32.2,1.00E+126,1.00E+126,7:30:48,100,1.00E+126,0,1.00E+126,0,1.00E+126,0,1.00E+126,0,1.00E+126,0,1.00E+126,0,1.00E+126,0,1.00E+126,0,1.00E+126,0,1.00E+126,0,0,1.00E+126,-17891602,1.00E+126,-17891602,1.00E+126,-17891602,1.00E+126,-17891602,1.00E+126,-17891602,1.00E+126,-17891602,1.00E+126,-17891602,1.00E+126,-17891602,1.00E+126,-17891602,1.00E+126,-17891602,-17891602,20140516,2014-5-16 9:22
20140516,HO1409-C-1500,,,119,119,119,3814,1.00E+126,1.00E+126,1.00E+126,0,0,3814,1.00E+126,1.00E+126,267.8,0.2,1.00E+126,1.00E+126,7:30:48,100,1.00E+126,0,1.00E+126,0,1.00E+126,0,1.00E+126,0,1.00E+126,0,1.00E+126,0,1.00E+126,0,1.00E+126,0,1.00E+126,0,1.00E+126,0,0,1.00E+126,-17891602,1.00E+126,-17891602,1.00E+126,-17891602,1.00E+126,-17891602,1.00E+126,-17891602,1.00E+126,-17891602,1.00E+126,-17891602,1.00E+126,-17891602,1.00E+126,-17891602,1.00E+126,-17891602,-17891602,20140516,2014-5-16 9:22
20140516,HO1409-C-1600,,,84.6,62.2,84.6,4178,1.00E+126,1.00E+126,1.00E+126,0,0,4178,1.00E+126,1.00E+126,211,0.2,1.00E+126,1.00E+126,7:30:48,100,1.00E+126,0,1.00E+126,0,1.00E+126,0,1.00E+126,0,1.00E+126,0,1.00E+126,0,1.00E+126,0,1.00E+126,0,1.00E+126,0,1.00E+126,0,0,1.00E+126,-17891602,1.00E+126,-17891602,1.00E+126,-17891602,1.00E+126,-17891602,1.00E+126,-17891602,1.00E+126,-17891602,1.00E+126,-17891602,1.00E+126,-17891602,1.00E+126,-17891602,1.00E+126,-17891602,-17891602,20140516,2014-5-16 9:22
20140516,HO1409-C-1700,,,59.8,57.6,59.8,1608,1.00E+126,1.00E+126,1.00E+126,0,0,1608,1.00E+126,1.00E+126,206.4,0.2,1.00E+126,1.00E+126,7:30:48,100,1.00E+126,0,1.00E+126,0,1.00E+126,0,1.00E+126,0,1.00E+126,0,1.00E+126,0,1.00E+126,0,1.00E+126,0,1.00E+126,0,1.00E+126,0,0,1.00E+126,-17891602,1.00E+126,-17891602,1.00E+126,-17891602,1.00E+126,-17891602,1.00E+126,-17891602,1.00E+126,-17891602,1.00E+126,-17891602,1.00E+126,-17891602,1.00E+126,-17891602,1.00E+126,-17891602,-17891602,20140516,2014-5-16 9:22
20140516,HO1409-C-1800,,,52,49,52,2437,1.00E+126,1.00E+126,1.00E+126,0,0,2437,1.00E+126,1.00E+126,197.8,0.2,1.00E+126,1.00E+126,7:30:48,100,1.00E+126,0,1.00E+126,0,1.00E+126,0,1.00E+126,0,1.00E+126,0,1.00E+126,0,1.00E+126,0,1.00E+126,0,1.00E+126,0,1.00E+126,0,0,1.00E+126,-17891602,1.00E+126,-17891602,1.00E+126,-17891602,1.00E+126,-17891602,1.00E+126,-17891602,1.00E+126,-17891602,1.00E+126,-17891602,1.00E+126,-17891602,1.00E+126,-17891602,1.00E+126,-17891602,-17891602,20140516,2014-5-16 9:22
20140516,HO1409-P-1300,,,99,99,99,1641,1.00E+126,1.00E+126,1.00E+126,0,0,1641,1.00E+126,1.00E+126,247.8,0.2,1.00E+126,1.00E+126,7:30:48,100,1.00E+126,0,1.00E+126,0,1.00E+126,0,1.00E+126,0,1.00E+126,0,1.00E+126,0,1.00E+126,0,1.00E+126,0,1.00E+126,0,1.00E+126,0,0,1.00E+126,-17891602,1.00E+126,-17891602,1.00E+126,-17891602,1.00E+126,-17891602,1.00E+126,-17891602,1.00E+126,-17891602,1.00E+126,-17891602,1.00E+126,-17891602,1.00E+126,-17891602,1.00E+126,-17891602,-17891602,20140516,2014-5-16 9:22
20140516,HO1409-P-1400,,,140,114.2,140,2590,1.00E+126,1.00E+126,1.00E+126,0,0,2590,1.00E+126,1.00E+126,263,0.2,1.00E+126,1.00E+126,7:30:48,100,1.00E+126,0,1.00E+126,0,1.00E+126,0,1.00E+126,0,1.00E+126,0,1.00E+126,0,1.00E+126,0,1.00E+126,0,1.00E+126,0,1.00E+126,0,0,1.00E+126,-17891602,1.00E+126,-17891602,1.00E+126,-17891602,1.00E+126,-17891602,1.00E+126,-17891602,1.00E+126,-17891602,1.00E+126,-17891602,1.00E+126,-17891602,1.00E+126,-17891602,1.00E+126,-17891602,-17891602,20140516,2014-5-16 9:22
20140516,HO1409-P-1500,,,81,151,81,3859,1.00E+126,1.00E+126,1.00E+126,0,0,3859,1.00E+126,1.00E+126,299.8,2.2,1.00E+126,1.00E+126,7:30:48,100,1.00E+126,0,1.00E+126,0,1.00E+126,0,1.00E+126,0,1.00E+126,0,1.00E+126,0,1.00E+126,0,1.00E+126,0,1.00E+126,0,1.00E+126,0,0,1.00E+126,-17891602,1.00E+126,-17891602,1.00E+126,-17891602,1.00E+126,-17891602,1.00E+126,-17891602,1.00E+126,-17891602,1.00E+126,-17891602,1.00E+126,-17891602,1.00E+126,-17891602,1.00E+126,-17891602,-17891602,20140516,2014-5-16 9:22
20140516,HO1409-P-1600,,,160,160,160,1956,1.00E+126,1.00E+126,1.00E+126,0,0,1956,1.00E+126,1.00E+126,308.8,11.2,1.00E+126,1.00E+126,7:30:48,100,1.00E+126,0,1.00E+126,0,1.00E+126,0,1.00E+126,0,1.00E+126,0,1.00E+126,0,1.00E+126,0,1.00E+126,0,1.00E+126,0,1.00E+126,0,0,1.00E+126,-17891602,1.00E+126,-17891602,1.00E+126,-17891602,1.00E+126,-17891602,1.00E+126,-17891602,1.00E+126,-17891602,1.00E+126,-17891602,1.00E+126,-17891602,1.00E+126,-17891602,1.00E+126,-17891602,-17891602,20140516,2014-5-16 9:22
20140516,HO1409-P-1700,,,263.2,263.2,263.2,726,1.00E+126,1.00E+126,1.00E+126,0,0,726,1.00E+126,1.00E+126,412,114.4,1.00E+126,1.00E+126,7:30:48,100,1.00E+126,0,1.00E+126,0,1.00E+126,0,1.00E+126,0,1.00E+126,0,1.00E+126,0,1.00E+126,0,1.00E+126,0,1.00E+126,0,1.00E+126,0,0,1.00E+126,-17891602,1.00E+126,-17891602,1.00E+126,-17891602,1.00E+126,-17891602,1.00E+126,-17891602,1.00E+126,-17891602,1.00E+126,-17891602,1.00E+126,-17891602,1.00E+126,-17891602,1.00E+126,-17891602,-17891602,20140516,2014-5-16 9:22
20140516,HO1409-P-1800,,,311.2,377.6,311.2,872,1.00E+126,1.00E+126,1.00E+126,0,0,872,1.00E+126,1.00E+126,526.4,228.8,1.00E+126,1.00E+126,7:30:48,100,1.00E+126,0,1.00E+126,0,1.00E+126,0,1.00E+126,0,1.00E+126,0,1.00E+126,0,1.00E+126,0,1.00E+126,0,1.00E+126,0,1.00E+126,0,0,1.00E+126,-17891602,1.00E+126,-17891602,1.00E+126,-17891602,1.00E+126,-17891602,1.00E+126,-17891602,1.00E+126,-17891602,1.00E+126,-17891602,1.00E+126,-17891602,1.00E+126,-17891602,1.00E+126,-17891602,-17891602,20140516,2014-5-16 9:22
20140516,HO1412-C-1300,,,320,259.2,320,1139,1.00E+126,1.00E+126,1.00E+126,0,0,1139,1.00E+126,1.00E+126,408,110.4,1.00E+126,1.00E+126,7:30:48,100,1.00E+126,0,1.00E+126,0,1.00E+126,0,1.00E+126,0,1.00E+126,0,1.00E+126,0,1.00E+126,0,1.00E+126,0,1.00E+126,0,1.00E+126,0,0,1.00E+126,-17891602,1.00E+126,-17891602,1.00E+126,-17891602,1.00E+126,-17891602,1.00E+126,-17891602,1.00E+126,-17891602,1.00E+126,-17891602,1.00E+126,-17891602,1.00E+126,-17891602,1.00E+126,-17891602,-17891602,20140516,2014-5-16 9:22
20140516,HO1412-C-1400,,,199.6,119.6,199.6,1517,1.00E+126,1.00E+126,1.00E+126,0,0,1517,1.00E+126,1.00E+126,268.4,0.2,1.00E+126,1.00E+126,7:30:48,100,1.00E+126,0,1.00E+126,0,1.00E+126,0,1.00E+126,0,1.00E+126,0,1.00E+126,0,1.00E+126,0,1.00E+126,0,1.00E+126,0,1.00E+126,0,0,1.00E+126,-17891602,1.00E+126,-17891602,1.00E+126,-17891602,1.00E+126,-17891602,1.00E+126,-17891602,1.00E+126,-17891602,1.00E+126,-17891602,1.00E+126,-17891602,1.00E+126,-17891602,1.00E+126,-17891602,-17891602,20140516,2014-5-16 9:22
20140516,HO1412-C-1500,,,245,156.2,245,1557,1.00E+126,1.00E+126,1.00E+126,0,0,1557,1.00E+126,1.00E+126,305,7.4,1.00E+126,1.00E+126,7:30:48,100,1.00E+126,0,1.00E+126,0,1.00E+126,0,1.00E+126,0,1.00E+126,0,1.00E+126,0,1.00E+126,0,1.00E+126,0,1.00E+126,0,1.00E+126,0,0,1.00E+126,-17891602,1.00E+126,-17891602,1.00E+126,-17891602,1.00E+126,-17891602,1.00E+126,-17891602,1.00E+126,-17891602,1.00E+126,-17891602,1.00E+126,-17891602,1.00E+126,-17891602,1.00E+126,-17891602,-17891602,20140516,2014-5-16 9:22
20140516,HO1412-C-1600,,,77.2,36,77.2,4226,1.00E+126,1.00E+126,1.00E+126,0,0,4226,1.00E+126,1.00E+126,184.8,0.2,1.00E+126,1.00E+126,7:30:48,100,1.00E+126,0,1.00E+126,0,1.00E+126,0,1.00E+126,0,1.00E+126,0,1.00E+126,0,1.00E+126,0,1.00E+126,0,1.00E+126,0,1.00E+126,0,0,1.00E+126,-17891602,1.00E+126,-17891602,1.00E+126,-17891602,1.00E+126,-17891602,1.00E+126,-17891602,1.00E+126,-17891602,1.00E+126,-17891602,1.00E+126,-17891602,1.00E+126,-17891602,1.00E+126,-17891602,-17891602,20140516,2014-5-16 9:22
20140516,HO1412-C-1700,,,185,86,185,3864,1.00E+126,1.00E+126,1.00E+126,0,0,3864,1.00E+126,1.00E+126,234.8,0.2,1.00E+126,1.00E+126,7:30:48,100,1.00E+126,0,1.00E+126,0,1.00E+126,0,1.00E+126,0,1.00E+126,0,1.00E+126,0,1.00E+126,0,1.00E+126,0,1.00E+126,0,1.00E+126,0,0,1.00E+126,-17891602,1.00E+126,-17891602,1.00E+126,-17891602,1.00E+126,-17891602,1.00E+126,-17891602,1.00E+126,-17891602,1.00E+126,-17891602,1.00E+126,-17891602,1.00E+126,-17891602,1.00E+126,-17891602,-17891602,20140516,2014-5-16 9:22
20140516,HO1412-C-1800,,,76,76,76,1925,1.00E+126,1.00E+126,1.00E+126,0,0,1925,1.00E+126,1.00E+126,224.8,0.2,1.00E+126,1.00E+126,7:30:48,100,1.00E+126,0,1.00E+126,0,1.00E+126,0,1.00E+126,0,1.00E+126,0,1.00E+126,0,1.00E+126,0,1.00E+126,0,1.00E+126,0,1.00E+126,0,0,1.00E+126,-17891602,1.00E+126,-17891602,1.00E+126,-17891602,1.00E+126,-17891602,1.00E+126,-17891602,1.00E+126,-17891602,1.00E+126,-17891602,1.00E+126,-17891602,1.00E+126,-17891602,1.00E+126,-17891602,-17891602,20140516,2014-5-16 9:22
20140516,HO1412-P-1300,,,159.2,134.4,159.2,1937,1.00E+126,1.00E+126,1.00E+126,0,0,1937,1.00E+126,1.00E+126,283.2,0.2,1.00E+126,1.00E+126,7:30:48,100,1.00E+126,0,1.00E+126,0,1.00E+126,0,1.00E+126,0,1.00E+126,0,1.00E+126,0,1.00E+126,0,1.00E+126,0,1.00E+126,0,1.00E+126,0,0,1.00E+126,-17891602,1.00E+126,-17891602,1.00E+126,-17891602,1.00E+126,-17891602,1.00E+126,-17891602,1.00E+126,-17891602,1.00E+126,-17891602,1.00E+126,-17891602,1.00E+126,-17891602,1.00E+126,-17891602,-17891602,20140516,2014-5-16 9:22
20140516,IF1405,,,2147.6,2147.8,2147.6,49168,1.00E+126,1.00E+126,1.00E+126,0,0,49168,1.00E+126,1.00E+126,2577.2,1718.4,1.00E+126,1.00E+126,7:30:48,100,1.00E+126,0,1.00E+126,0,1.00E+126,0,1.00E+126,0,1.00E+126,0,1.00E+126,0,1.00E+126,0,1.00E+126,0,1.00E+126,0,1.00E+126,0,0,1.00E+126,-17891602,1.00E+126,-17891602,1.00E+126,-17891602,1.00E+126,-17891602,1.00E+126,-17891602,1.00E+126,-17891602,1.00E+126,-17891602,1.00E+126,-17891602,1.00E+126,-17891602,1.00E+126,-17891602,-17891602,20140516,2014-5-16 8:40
20140516,IF1406,,,2136.4,2135.2,2136.4,40705,1.00E+126,1.00E+126,1.00E+126,0,0,40705,1.00E+126,1.00E+126,2348.6,1921.8,1.00E+126,1.00E+126,7:30:48,100,1.00E+126,0,1.00E+126,0,1.00E+126,0,1.00E+126,0,1.00E+126,0,1.00E+126,0,1.00E+126,0,1.00E+126,0,1.00E+126,0,1.00E+126,0,0,1.00E+126,-17891602,1.00E+126,-17891602,1.00E+126,-17891602,1.00E+126,-17891602,1.00E+126,-17891602,1.00E+126,-17891602,1.00E+126,-17891602,1.00E+126,-17891602,1.00E+126,-17891602,1.00E+126,-17891602,-17891602,20140516,2014-5-16 8:40
20140516,IF1409,,,2124.8,2124,2124.8,12013,1.00E+126,1.00E+126,1.00E+126,0,0,12013,1.00E+126,1.00E+126,2336.4,1911.6,1.00E+126,1.00E+126,7:30:48,100,1.00E+126,0,1.00E+126,0,1.00E+126,0,1.00E+126,0,1.00E+126,0,1.00E+126,0,1.00E+126,0,1.00E+126,0,1.00E+126,0,1.00E+126,0,0,1.00E+126,-17891602,1.00E+126,-17891602,1.00E+126,-17891602,1.00E+126,-17891602,1.00E+126,-17891602,1.00E+126,-17891602,1.00E+126,-17891602,1.00E+126,-17891602,1.00E+126,-17891602,1.00E+126,-17891602,-17891602,20140516,2014-5-16 8:40
20140516,TF1406,,,92.9,92.914,92.9,9502,1.00E+126,1.00E+126,1.00E+126,0,0,9502,1.00E+126,1.00E+126,94.772,91.056,1.00E+126,1.00E+126,7:30:48,100,1.00E+126,0,1.00E+126,0,1.00E+126,0,1.00E+126,0,1.00E+126,0,1.00E+126,0,1.00E+126,0,1.00E+126,0,1.00E+126,0,1.00E+126,0,0,1.00E+126,-17891602,1.00E+126,-17891602,1.00E+126,-17891602,1.00E+126,-17891602,1.00E+126,-17891602,1.00E+126,-17891602,1.00E+126,-17891602,1.00E+126,-17891602,1.00E+126,-17891602,1.00E+126,-17891602,-17891602,20140516,2014-5-16 8:40
20140516,TF1409,,,93.434,93.446,93.434,1740,1.00E+126,1.00E+126,1.00E+126,0,0,1740,1.00E+126,1.00E+126,95.314,91.578,1.00E+126,1.00E+126,7:30:48,100,1.00E+126,0,1.00E+126,0,1.00E+126,0,1.00E+126,0,1.00E+126,0,1.00E+126,0,1.00E+126,0,1.00E+126,0,1.00E+126,0,1.00E+126,0,0,1.00E+126,-17891602,1.00E+126,-17891602,1.00E+126,-17891602,1.00E+126,-17891602,1.00E+126,-17891602,1.00E+126,-17891602,1.00E+126,-17891602,1.00E+126,-17891602,1.00E+126,-17891602,1.00E+126,-17891602,-17891602,20140516,2014-5-16 8:40
20140516,TF1412,,,93.674,93.658,93.674,1703,1.00E+126,1.00E+126,1.00E+126,0,0,1703,1.00E+126,1.00E+126,95.53,91.786,1.00E+126,1.00E+126,7:30:48,100,1.00E+126,0,1.00E+126,0,1.00E+126,0,1.00E+126,0,1.00E+126,0,1.00E+126,0,1.00E+126,0,1.00E+126,0,1.00E+126,0,1.00E+126,0,0,1.00E+126,-17891602,1.00E+126,-17891602,1.00E+126,-17891602,1.00E+126,-17891602,1.00E+126,-17891602,1.00E+126,-17891602,1.00E+126,-17891602,1.00E+126,-17891602,1.00E+126,-17891602,1.00E+126,-17891602,-17891602,20140516,2014-5-16 8:40
20140516,HO1405-C-1300,,,239.8,239.8,239.8,12343,1.00E+126,1.00E+126,1.00E+126,0,0,12343,1.00E+126,1.00E+126,388.6,91,1.00E+126,1.00E+126,7:30:48,100,1.00E+126,0,1.00E+126,0,1.00E+126,0,1.00E+126,0,1.00E+126,0,1.00E+126,0,1.00E+126,0,1.00E+126,0,1.00E+126,0,1.00E+126,0,0,1.00E+126,-17891602,1.00E+126,-17891602,1.00E+126,-17891602,1.00E+126,-17891602,1.00E+126,-17891602,1.00E+126,-17891602,1.00E+126,-17891602,1.00E+126,-17891602,1.00E+126,-17891602,1.00E+126,-17891602,-17891602,20140516,2014-5-16 9:22
20140516,HO1405-C-1350,,,200,200,200,4397,1.00E+126,1.00E+126,1.00E+126,0,0,4397,1.00E+126,1.00E+126,348.8,51.2,1.00E+126,1.00E+126,7:30:48,100,1.00E+126,0,1.00E+126,0,1.00E+126,0,1.00E+126,0,1.00E+126,0,1.00E+126,0,1.00E+126,0,1.00E+126,0,1.00E+126,0,1.00E+126,0,0,1.00E+126,-17891602,1.00E+126,-17891602,1.00E+126,-17891602,1.00E+126,-17891602,1.00E+126,-17891602,1.00E+126,-17891602,1.00E+126,-17891602,1.00E+126,-17891602,1.00E+126,-17891602,1.00E+126,-17891602,-17891602,20140516,2014-5-16 9:22
20140516,HO1405-C-1400,,,107.8,110.8,107.8,3860,1.00E+126,1.00E+126,1.00E+126,0,0,3860,1.00E+126,1.00E+126,259.6,0.2,1.00E+126,1.00E+126,7:30:48,100,1.00E+126,0,1.00E+126,0,1.00E+126,0,1.00E+126,0,1.00E+126,0,1.00E+126,0,1.00E+126,0,1.00E+126,0,1.00E+126,0,1.00E+126,0,0,1.00E+126,-17891602,1.00E+126,-17891602,1.00E+126,-17891602,1.00E+126,-17891602,1.00E+126,-17891602,1.00E+126,-17891602,1.00E+126,-17891602,1.00E+126,-17891602,1.00E+126,-17891602,1.00E+126,-17891602,-17891602,20140516,2014-5-16 9:22
20140516,HO1405-C-1450,,,63.8,62.2,63.8,16954,1.00E+126,1.00E+126,1.00E+126,0,0,16954,1.00E+126,1.00E+126,211,0.2,1.00E+126,1.00E+126,7:30:48,100,1.00E+126,0,1.00E+126,0,1.00E+126,0,1.00E+126,0,1.00E+126,0,1.00E+126,0,1.00E+126,0,1.00E+126,0,1.00E+126,0,1.00E+126,0,0,1.00E+126,-17891602,1.00E+126,-17891602,1.00E+126,-17891602,1.00E+126,-17891602,1.00E+126,-17891602,1.00E+126,-17891602,1.00E+126,-17891602,1.00E+126,-17891602,1.00E+126,-17891602,1.00E+126,-17891602,-17891602,20140516,2014-5-16 9:22
20140516,HO1405-C-1500,,,35,16.6,35,12257,1.00E+126,1.00E+126,1.00E+126,0,0,12257,1.00E+126,1.00E+126,165.4,0.2,1.00E+126,1.00E+126,7:30:48,100,1.00E+126,0,1.00E+126,0,1.00E+126,0,1.00E+126,0,1.00E+126,0,1.00E+126,0,1.00E+126,0,1.00E+126,0,1.00E+126,0,1.00E+126,0,0,1.00E+126,-17891602,1.00E+126,-17891602,1.00E+126,-17891602,1.00E+126,-17891602,1.00E+126,-17891602,1.00E+126,-17891602,1.00E+126,-17891602,1.00E+126,-17891602,1.00E+126,-17891602,1.00E+126,-17891602,-17891602,20140516,2014-5-16 9:22
20140516,HO1405-C-1550,,,2.8,2.8,2.8,13196,1.00E+126,1.00E+126,1.00E+126,0,0,13196,1.00E+126,1.00E+126,151.6,0.2,1.00E+126,1.00E+126,7:30:48,100,1.00E+126,0,1.00E+126,0,1.00E+126,0,1.00E+126,0,1.00E+126,0,1.00E+126,0,1.00E+126,0,1.00E+126,0,1.00E+126,0,1.00E+126,0,0,1.00E+126,-17891602,1.00E+126,-17891602,1.00E+126,-17891602,1.00E+126,-17891602,1.00E+126,-17891602,1.00E+126,-17891602,1.00E+126,-17891602,1.00E+126,-17891602,1.00E+126,-17891602,1.00E+126,-17891602,-17891602,20140516,2014-5-16 9:22
20140516,HO1405-C-1600,,,5,4,5,12503,1.00E+126,1.00E+126,1.00E+126,0,0,12503,1.00E+126,1.00E+126,152.8,0.2,1.00E+126,1.00E+126,7:30:48,100,1.00E+126,0,1.00E+126,0,1.00E+126,0,1.00E+126,0,1.00E+126,0,1.00E+126,0,1.00E+126,0,1.00E+126,0,1.00E+126,0,1.00E+126,0,0,1.00E+126,-17891602,1.00E+126,-17891602,1.00E+126,-17891602,1.00E+126,-17891602,1.00E+126,-17891602,1.00E+126,-17891602,1.00E+126,-17891602,1.00E+126,-17891602,1.00E+126,-17891602,1.00E+126,-17891602,-17891602,20140516,2014-5-16 9:22
20140516,HO1405-C-1650,,,96,7,96,12203,1.00E+126,1.00E+126,1.00E+126,0,0,12203,1.00E+126,1.00E+126,155.8,0.2,1.00E+126,1.00E+126,7:30:48,100,1.00E+126,0,1.00E+126,0,1.00E+126,0,1.00E+126,0,1.00E+126,0,1.00E+126,0,1.00E+126,0,1.00E+126,0,1.00E+126,0,1.00E+126,0,0,1.00E+126,-17891602,1.00E+126,-17891602,1.00E+126,-17891602,1.00E+126,-17891602,1.00E+126,-17891602,1.00E+126,-17891602,1.00E+126,-17891602,1.00E+126,-17891602,1.00E+126,-17891602,1.00E+126,-17891602,-17891602,20140516,2014-5-16 9:22
20140516,HO1405-C-1700,,,1.2,2,1.2,33256,1.00E+126,1.00E+126,1.00E+126,0,0,33256,1.00E+126,1.00E+126,150.8,0.2,1.00E+126,1.00E+126,7:30:48,100,1.00E+126,0,1.00E+126,0,1.00E+126,0,1.00E+126,0,1.00E+126,0,1.00E+126,0,1.00E+126,0,1.00E+126,0,1.00E+126,0,1.00E+126,0,0,1.00E+126,-17891602,1.00E+126,-17891602,1.00E+126,-17891602,1.00E+126,-17891602,1.00E+126,-17891602,1.00E+126,-17891602,1.00E+126,-17891602,1.00E+126,-17891602,1.00E+126,-17891602,1.00E+126,-17891602,-17891602,20140516,2014-5-16 9:22
20140516,HO1412-P-1400,,,159.4,159.4,159.4,1889,1.00E+126,1.00E+126,1.00E+126,0,0,1889,1.00E+126,1.00E+126,308.2,10.6,1.00E+126,1.00E+126,7:30:48,100,1.00E+126,0,1.00E+126,0,1.00E+126,0,1.00E+126,0,1.00E+126,0,1.00E+126,0,1.00E+126,0,1.00E+126,0,1.00E+126,0,1.00E+126,0,0,1.00E+126,-17891602,1.00E+126,-17891602,1.00E+126,-17891602,1.00E+126,-17891602,1.00E+126,-17891602,1.00E+126,-17891602,1.00E+126,-17891602,1.00E+126,-17891602,1.00E+126,-17891602,1.00E+126,-17891602,-17891602,20140516,2014-5-16 9:22
20140516,HO1412-P-1500,,,227.8,154.8,227.8,2869,1.00E+126,1.00E+126,1.00E+126,0,0,2869,1.00E+126,1.00E+126,303.6,6,1.00E+126,1.00E+126,7:30:48,100,1.00E+126,0,1.00E+126,0,1.00E+126,0,1.00E+126,0,1.00E+126,0,1.00E+126,0,1.00E+126,0,1.00E+126,0,1.00E+126,0,1.00E+126,0,0,1.00E+126,-17891602,1.00E+126,-17891602,1.00E+126,-17891602,1.00E+126,-17891602,1.00E+126,-17891602,1.00E+126,-17891602,1.00E+126,-17891602,1.00E+126,-17891602,1.00E+126,-17891602,1.00E+126,-17891602,-17891602,20140516,2014-5-16 9:22
20140516,HO1412-P-1600,,,316,266.6,316,2164,1.00E+126,1.00E+126,1.00E+126,0,0,2164,1.00E+126,1.00E+126,415.4,117.8,1.00E+126,1.00E+126,7:30:48,100,1.00E+126,0,1.00E+126,0,1.00E+126,0,1.00E+126,0,1.00E+126,0,1.00E+126,0,1.00E+126,0,1.00E+126,0,1.00E+126,0,1.00E+126,0,0,1.00E+126,-17891602,1.00E+126,-17891602,1.00E+126,-17891602,1.00E+126,-17891602,1.00E+126,-17891602,1.00E+126,-17891602,1.00E+126,-17891602,1.00E+126,-17891602,1.00E+126,-17891602,1.00E+126,-17891602,-17891602,20140516,2014-5-16 9:22
20140516,HO1412-P-1700,,,350,344.4,350,1560,1.00E+126,1.00E+126,1.00E+126,0,0,1560,1.00E+126,1.00E+126,493.2,195.6,1.00E+126,1.00E+126,7:30:48,100,1.00E+126,0,1.00E+126,0,1.00E+126,0,1.00E+126,0,1.00E+126,0,1.00E+126,0,1.00E+126,0,1.00E+126,0,1.00E+126,0,1.00E+126,0,0,1.00E+126,-17891602,1.00E+126,-17891602,1.00E+126,-17891602,1.00E+126,-17891602,1.00E+126,-17891602,1.00E+126,-17891602,1.00E+126,-17891602,1.00E+126,-17891602,1.00E+126,-17891602,1.00E+126,-17891602,-17891602,20140516,2014-5-16 9:22
20140516,HO1412-P-1800,,,440,393.8,440,2044,1.00E+126,1.00E+126,1.00E+126,0,0,2044,1.00E+126,1.00E+126,542.6,245,1.00E+126,1.00E+126,7:30:48,100,1.00E+126,0,1.00E+126,0,1.00E+126,0,1.00E+126,0,1.00E+126,0,1.00E+126,0,1.00E+126,0,1.00E+126,0,1.00E+126,0,1.00E+126,0,0,1.00E+126,-17891602,1.00E+126,-17891602,1.00E+126,-17891602,1.00E+126,-17891602,1.00E+126,-17891602,1.00E+126,-17891602,1.00E+126,-17891602,1.00E+126,-17891602,1.00E+126,-17891602,1.00E+126,-17891602,-17891602,20140516,2014-5-16 9:22
20140516,IC1405,,,3729,3729.6,3729,3121,1.00E+126,1.00E+126,1.00E+126,0,0,3121,1.00E+126,1.00E+126,4475.4,2983.8,1.00E+126,1.00E+126,7:30:48,100,1.00E+126,0,1.00E+126,0,1.00E+126,0,1.00E+126,0,1.00E+126,0,1.00E+126,0,1.00E+126,0,1.00E+126,0,1.00E+126,0,1.00E+126,0,0,1.00E+126,-17891602,1.00E+126,-17891602,1.00E+126,-17891602,1.00E+126,-17891602,1.00E+126,-17891602,1.00E+126,-17891602,1.00E+126,-17891602,1.00E+126,-17891602,1.00E+126,-17891602,1.00E+126,-17891602,-17891602,20140516,2014-5-16 9:22
20140516,IC1406,,,3800,3753,3800,11958,1.00E+126,1.00E+126,1.00E+126,0,0,11958,1.00E+126,1.00E+126,4128.2,3377.8,1.00E+126,1.00E+126,7:30:48,100,1.00E+126,0,1.00E+126,0,1.00E+126,0,1.00E+126,0,1.00E+126,0,1.00E+126,0,1.00E+126,0,1.00E+126,0,1.00E+126,0,1.00E+126,0,0,1.00E+126,-17891602,1.00E+126,-17891602,1.00E+126,-17891602,1.00E+126,-17891602,1.00E+126,-17891602,1.00E+126,-17891602,1.00E+126,-17891602,1.00E+126,-17891602,1.00E+126,-17891602,1.00E+126,-17891602,-17891602,20140516,2014-5-16 9:22
20140516,IC1409,,,3751.6,3775.2,3751.6,14700,1.00E+126,1.00E+126,1.00E+126,0,0,14700,1.00E+126,1.00E+126,4152.6,3397.8,1.00E+126,1.00E+126,7:30:48,100,1.00E+126,0,1.00E+126,0,1.00E+126,0,1.00E+126,0,1.00E+126,0,1.00E+126,0,1.00E+126,0,1.00E+126,0,1.00E+126,0,1.00E+126,0,0,1.00E+126,-17891602,1.00E+126,-17891602,1.00E+126,-17891602,1.00E+126,-17891602,1.00E+126,-17891602,1.00E+126,-17891602,1.00E+126,-17891602,1.00E+126,-17891602,1.00E+126,-17891602,1.00E+126,-17891602,-17891602,20140516,2014-5-16 9:22
20140516,IC1412,,,3787.2,3830.4,3787.2,9832,1.00E+126,1.00E+126,1.00E+126,0,0,9832,1.00E+126,1.00E+126,4213.4,3447.4,1.00E+126,1.00E+126,7:30:48,100,1.00E+126,0,1.00E+126,0,1.00E+126,0,1.00E+126,0,1.00E+126,0,1.00E+126,0,1.00E+126,0,1.00E+126,0,1.00E+126,0,1.00E+126,0,0,1.00E+126,-17891602,1.00E+126,-17891602,1.00E+126,-17891602,1.00E+126,-17891602,1.00E+126,-17891602,1.00E+126,-17891602,1.00E+126,-17891602,1.00E+126,-17891602,1.00E+126,-17891602,1.00E+126,-17891602,-17891602,20140516,2014-5-16 9:22
20140516,IF1412,,,2133.8,2132.8,2133.8,4937,1.00E+126,1.00E+126,1.00E+126,0,0,4937,1.00E+126,1.00E+126,2346,1919.6,1.00E+126,1.00E+126,7:30:48,100,1.00E+126,0,1.00E+126,0,1.00E+126,0,1.00E+126,0,1.00E+126,0,1.00E+126,0,1.00E+126,0,1.00E+126,0,1.00E+126,0,1.00E+126,0,0,1.00E+126,-17891602,1.00E+126,-17891602,1.00E+126,-17891602,1.00E+126,-17891602,1.00E+126,-17891602,1.00E+126,-17891602,1.00E+126,-17891602,1.00E+126,-17891602,1.00E+126,-17891602,1.00E+126,-17891602,-17891602,20140516,2014-5-16 9:22
20140516,IH1405,,,1492.8,1483.2,1492.8,4053,1.00E+126,1.00E+126,1.00E+126,0,0,4053,1.00E+126,1.00E+126,1779.8,1186.6,1.00E+126,1.00E+126,7:30:48,100,1.00E+126,0,1.00E+126,0,1.00E+126,0,1.00E+126,0,1.00E+126,0,1.00E+126,0,1.00E+126,0,1.00E+126,0,1.00E+126,0,1.00E+126,0,0,1.00E+126,-17891602,1.00E+126,-17891602,1.00E+126,-17891602,1.00E+126,-17891602,1.00E+126,-17891602,1.00E+126,-17891602,1.00E+126,-17891602,1.00E+126,-17891602,1.00E+126,-17891602,1.00E+126,-17891602,-17891602,20140516,2014-5-16 9:22
20140516,IH1406,,,1474.8,1476.6,1474.8,12657,1.00E+126,1.00E+126,1.00E+126,0,0,12657,1.00E+126,1.00E+126,1624.2,1329,1.00E+126,1.00E+126,7:30:48,100,1.00E+126,0,1.00E+126,0,1.00E+126,0,1.00E+126,0,1.00E+126,0,1.00E+126,0,1.00E+126,0,1.00E+126,0,1.00E+126,0,1.00E+126,0,0,1.00E+126,-17891602,1.00E+126,-17891602,1.00E+126,-17891602,1.00E+126,-17891602,1.00E+126,-17891602,1.00E+126,-17891602,1.00E+126,-17891602,1.00E+126,-17891602,1.00E+126,-17891602,1.00E+126,-17891602,-17891602,20140516,2014-5-16 9:22
20140516,IH1409,,,1488,1467.6,1488,15447,1.00E+126,1.00E+126,1.00E+126,0,0,15447,1.00E+126,1.00E+126,1614.2,1321,1.00E+126,1.00E+126,7:30:48,100,1.00E+126,0,1.00E+126,0,1.00E+126,0,1.00E+126,0,1.00E+126,0,1.00E+126,0,1.00E+126,0,1.00E+126,0,1.00E+126,0,1.00E+126,0,0,1.00E+126,-17891602,1.00E+126,-17891602,1.00E+126,-17891602,1.00E+126,-17891602,1.00E+126,-17891602,1.00E+126,-17891602,1.00E+126,-17891602,1.00E+126,-17891602,1.00E+126,-17891602,1.00E+126,-17891602,-17891602,20140516,2014-5-16 9:22
20140516,IH1412,,,1469.4,1473,1469.4,9300,1.00E+126,1.00E+126,1.00E+126,0,0,9300,1.00E+126,1.00E+126,1620.2,1325.8,1.00E+126,1.00E+126,7:30:48,100,1.00E+126,0,1.00E+126,0,1.00E+126,0,1.00E+126,0,1.00E+126,0,1.00E+126,0,1.00E+126,0,1.00E+126,0,1.00E+126,0,1.00E+126,0,0,1.00E+126,-17891602,1.00E+126,-17891602,1.00E+126,-17891602,1.00E+126,-17891602,1.00E+126,-17891602,1.00E+126,-17891602,1.00E+126,-17891602,1.00E+126,-17891602,1.00E+126,-17891602,1.00E+126,-17891602,-17891602,20140516,2014-5-16 9:22
20140516,IO1405-C-1950,,,196,197.7,196,58605,1.00E+126,1.00E+126,1.00E+126,0,0,58605,1.00E+126,1.00E+126,412.1,0.1,1.00E+126,1.00E+126,7:30:48,100,1.00E+126,0,1.00E+126,0,1.00E+126,0,1.00E+126,0,1.00E+126,0,1.00E+126,0,1.00E+126,0,1.00E+126,0,1.00E+126,0,1.00E+126,0,0,1.00E+126,-17891602,1.00E+126,-17891602,1.00E+126,-17891602,1.00E+126,-17891602,1.00E+126,-17891602,1.00E+126,-17891602,1.00E+126,-17891602,1.00E+126,-17891602,1.00E+126,-17891602,1.00E+126,-17891602,-17891602,20140516,2014-5-16 9:22
20140516,IO1405-C-2000,,,146,150.3,146,41219,1.00E+126,1.00E+126,1.00E+126,0,0,41219,1.00E+126,1.00E+126,364.7,0.1,1.00E+126,1.00E+126,7:30:48,100,1.00E+126,0,1.00E+126,0,1.00E+126,0,1.00E+126,0,1.00E+126,0,1.00E+126,0,1.00E+126,0,1.00E+126,0,1.00E+126,0,1.00E+126,0,0,1.00E+126,-17891602,1.00E+126,-17891602,1.00E+126,-17891602,1.00E+126,-17891602,1.00E+126,-17891602,1.00E+126,-17891602,1.00E+126,-17891602,1.00E+126,-17891602,1.00E+126,-17891602,1.00E+126,-17891602,-17891602,20140516,2014-5-16 9:22
20140516,IO1405-C-2050,,,98.4,100.3,98.4,30642,1.00E+126,1.00E+126,1.00E+126,0,0,30642,1.00E+126,1.00E+126,314.7,0.1,1.00E+126,1.00E+126,7:30:48,100,1.00E+126,0,1.00E+126,0,1.00E+126,0,1.00E+126,0,1.00E+126,0,1.00E+126,0,1.00E+126,0,1.00E+126,0,1.00E+126,0,1.00E+126,0,0,1.00E+126,-17891602,1.00E+126,-17891602,1.00E+126,-17891602,1.00E+126,-17891602,1.00E+126,-17891602,1.00E+126,-17891602,1.00E+126,-17891602,1.00E+126,-17891602,1.00E+126,-17891602,1.00E+126,-17891602,-17891602,20140516,2014-5-16 9:22
20140516,IO1405-C-2100,,,52,52.9,52,72977,1.00E+126,1.00E+126,1.00E+126,0,0,72977,1.00E+126,1.00E+126,267.3,0.1,1.00E+126,1.00E+126,7:30:48,100,1.00E+126,0,1.00E+126,0,1.00E+126,0,1.00E+126,0,1.00E+126,0,1.00E+126,0,1.00E+126,0,1.00E+126,0,1.00E+126,0,1.00E+126,0,0,1.00E+126,-17891602,1.00E+126,-17891602,1.00E+126,-17891602,1.00E+126,-17891602,1.00E+126,-17891602,1.00E+126,-17891602,1.00E+126,-17891602,1.00E+126,-17891602,1.00E+126,-17891602,1.00E+126,-17891602,-17891602,20140516,2014-5-16 9:22
20140516,IO1405-C-2150,,,19.6,20.7,19.6,379042,1.00E+126,1.00E+126,1.00E+126,0,0,379042,1.00E+126,1.00E+126,235.1,0.1,1.00E+126,1.00E+126,7:30:48,100,1.00E+126,0,1.00E+126,0,1.00E+126,0,1.00E+126,0,1.00E+126,0,1.00E+126,0,1.00E+126,0,1.00E+126,0,1.00E+126,0,1.00E+126,0,0,1.00E+126,-17891602,1.00E+126,-17891602,1.00E+126,-17891602,1.00E+126,-17891602,1.00E+126,-17891602,1.00E+126,-17891602,1.00E+126,-17891602,1.00E+126,-17891602,1.00E+126,-17891602,1.00E+126,-17891602,-17891602,20140516,2014-5-16 9:22
20140516,IO1405-C-2200,,,3.5,3.9,3.5,566890,1.00E+126,1.00E+126,1.00E+126,0,0,566890,1.00E+126,1.00E+126,218.3,0.1,1.00E+126,1.00E+126,7:30:48,100,1.00E+126,0,1.00E+126,0,1.00E+126,0,1.00E+126,0,1.00E+126,0,1.00E+126,0,1.00E+126,0,1.00E+126,0,1.00E+126,0,1.00E+126,0,0,1.00E+126,-17891602,1.00E+126,-17891602,1.00E+126,-17891602,1.00E+126,-17891602,1.00E+126,-17891602,1.00E+126,-17891602,1.00E+126,-17891602,1.00E+126,-17891602,1.00E+126,-17891602,1.00E+126,-17891602,-17891602,20140516,2014-5-16 9:22
20140516,IO1405-C-2250,,,1,0.6,1,312953,1.00E+126,1.00E+126,1.00E+126,0,0,312953,1.00E+126,1.00E+126,215,0.1,1.00E+126,1.00E+126,7:30:48,100,1.00E+126,0,1.00E+126,0,1.00E+126,0,1.00E+126,0,1.00E+126,0,1.00E+126,0,1.00E+126,0,1.00E+126,0,1.00E+126,0,1.00E+126,0,0,1.00E+126,-17891602,1.00E+126,-17891602,1.00E+126,-17891602,1.00E+126,-17891602,1.00E+126,-17891602,1.00E+126,-17891602,1.00E+126,-17891602,1.00E+126,-17891602,1.00E+126,-17891602,1.00E+126,-17891602,-17891602,20140516,2014-5-16 9:22
20140516,IO1405-C-2300,,,0.1,0.1,0.1,252575,1.00E+126,1.00E+126,1.00E+126,0,0,252575,1.00E+126,1.00E+126,214.5,0.1,1.00E+126,1.00E+126,7:30:48,100,1.00E+126,0,1.00E+126,0,1.00E+126,0,1.00E+126,0,1.00E+126,0,1.00E+126,0,1.00E+126,0,1.00E+126,0,1.00E+126,0,1.00E+126,0,0,1.00E+126,-17891602,1.00E+126,-17891602,1.00E+126,-17891602,1.00E+126,-17891602,1.00E+126,-17891602,1.00E+126,-17891602,1.00E+126,-17891602,1.00E+126,-17891602,1.00E+126,-17891602,1.00E+126,-17891602,-17891602,20140516,2014-5-16 9:22
20140516,IO1405-C-2350,,,0.1,0.1,0.1,331884,1.00E+126,1.00E+126,1.00E+126,0,0,331884,1.00E+126,1.00E+126,214.5,0.1,1.00E+126,1.00E+126,7:30:48,100,1.00E+126,0,1.00E+126,0,1.00E+126,0,1.00E+126,0,1.00E+126,0,1.00E+126,0,1.00E+126,0,1.00E+126,0,1.00E+126,0,1.00E+126,0,0,1.00E+126,-17891602,1.00E+126,-17891602,1.00E+126,-17891602,1.00E+126,-17891602,1.00E+126,-17891602,1.00E+126,-17891602,1.00E+126,-17891602,1.00E+126,-17891602,1.00E+126,-17891602,1.00E+126,-17891602,-17891602,20140516,2014-5-16 9:22
20140516,IO1405-C-2400,,,0.1,0.1,0.1,544133,1.00E+126,1.00E+126,1.00E+126,0,0,544133,1.00E+126,1.00E+126,214.5,0.1,1.00E+126,1.00E+126,7:30:48,100,1.00E+126,0,1.00E+126,0,1.00E+126,0,1.00E+126,0,1.00E+126,0,1.00E+126,0,1.00E+126,0,1.00E+126,0,1.00E+126,0,1.00E+126,0,0,1.00E+126,-17891602,1.00E+126,-17891602,1.00E+126,-17891602,1.00E+126,-17891602,1.00E+126,-17891602,1.00E+126,-17891602,1.00E+126,-17891602,1.00E+126,-17891602,1.00E+126,-17891602,1.00E+126,-17891602,-17891602,20140516,2014-5-16 9:22
20140516,IO1405-P-1950,,,0.1,0.1,0.1,778939,1.00E+126,1.00E+126,1.00E+126,0,0,778939,1.00E+126,1.00E+126,214.5,0.1,1.00E+126,1.00E+126,7:30:48,100,1.00E+126,0,1.00E+126,0,1.00E+126,0,1.00E+126,0,1.00E+126,0,1.00E+126,0,1.00E+126,0,1.00E+126,0,1.00E+126,0,1.00E+126,0,0,1.00E+126,-17891602,1.00E+126,-17891602,1.00E+126,-17891602,1.00E+126,-17891602,1.00E+126,-17891602,1.00E+126,-17891602,1.00E+126,-17891602,1.00E+126,-17891602,1.00E+126,-17891602,1.00E+126,-17891602,-17891602,20140516,2014-5-16 9:22
20140516,IO1405-P-2000,,,0.1,0.1,0.1,470113,1.00E+126,1.00E+126,1.00E+126,0,0,470113,1.00E+126,1.00E+126,214.5,0.1,1.00E+126,1.00E+126,7:30:48,100,1.00E+126,0,1.00E+126,0,1.00E+126,0,1.00E+126,0,1.00E+126,0,1.00E+126,0,1.00E+126,0,1.00E+126,0,1.00E+126,0,1.00E+126,0,0,1.00E+126,-17891602,1.00E+126,-17891602,1.00E+126,-17891602,1.00E+126,-17891602,1.00E+126,-17891602,1.00E+126,-17891602,1.00E+126,-17891602,1.00E+126,-17891602,1.00E+126,-17891602,1.00E+126,-17891602,-17891602,20140516,2014-5-16 9:22
20140516,IO1405-P-2050,,,0.1,0.1,0.1,518637,1.00E+126,1.00E+126,1.00E+126,0,0,518637,1.00E+126,1.00E+126,214.5,0.1,1.00E+126,1.00E+126,7:30:48,100,1.00E+126,0,1.00E+126,0,1.00E+126,0,1.00E+126,0,1.00E+126,0,1.00E+126,0,1.00E+126,0,1.00E+126,0,1.00E+126,0,1.00E+126,0,0,1.00E+126,-17891602,1.00E+126,-17891602,1.00E+126,-17891602,1.00E+126,-17891602,1.00E+126,-17891602,1.00E+126,-17891602,1.00E+126,-17891602,1.00E+126,-17891602,1.00E+126,-17891602,1.00E+126,-17891602,-17891602,20140516,2014-5-16 9:22
20140516,IO1405-P-2100,,,1.6,1.8,1.6,177369,1.00E+126,1.00E+126,1.00E+126,0,0,177369,1.00E+126,1.00E+126,216.2,0.1,1.00E+126,1.00E+126,7:30:48,100,1.00E+126,0,1.00E+126,0,1.00E+126,0,1.00E+126,0,1.00E+126,0,1.00E+126,0,1.00E+126,0,1.00E+126,0,1.00E+126,0,1.00E+126,0,0,1.00E+126,-17891602,1.00E+126,-17891602,1.00E+126,-17891602,1.00E+126,-17891602,1.00E+126,-17891602,1.00E+126,-17891602,1.00E+126,-17891602,1.00E+126,-17891602,1.00E+126,-17891602,1.00E+126,-17891602,-17891602,20140516,2014-5-16 9:22
20140516,IO1405-P-2150,,,13.7,12,13.7,257195,1.00E+126,1.00E+126,1.00E+126,0,0,257195,1.00E+126,1.00E+126,226.4,0.1,1.00E+126,1.00E+126,7:30:48,100,1.00E+126,0,1.00E+126,0,1.00E+126,0,1.00E+126,0,1.00E+126,0,1.00E+126,0,1.00E+126,0,1.00E+126,0,1.00E+126,0,1.00E+126,0,0,1.00E+126,-17891602,1.00E+126,-17891602,1.00E+126,-17891602,1.00E+126,-17891602,1.00E+126,-17891602,1.00E+126,-17891602,1.00E+126,-17891602,1.00E+126,-17891602,1.00E+126,-17891602,1.00E+126,-17891602,-17891602,20140516,2014-5-16 9:22
20140516,IO1405-P-2200,,,49.6,53.2,49.6,154415,1.00E+126,1.00E+126,1.00E+126,0,0,154415,1.00E+126,1.00E+126,267.6,0.1,1.00E+126,1.00E+126,7:30:48,100,1.00E+126,0,1.00E+126,0,1.00E+126,0,1.00E+126,0,1.00E+126,0,1.00E+126,0,1.00E+126,0,1.00E+126,0,1.00E+126,0,1.00E+126,0,0,1.00E+126,-17891602,1.00E+126,-17891602,1.00E+126,-17891602,1.00E+126,-17891602,1.00E+126,-17891602,1.00E+126,-17891602,1.00E+126,-17891602,1.00E+126,-17891602,1.00E+126,-17891602,1.00E+126,-17891602,-17891602,20140516,2014-5-16 9:22
20140516,IO1412-C-1900,,,334.6,333.9,334.6,3496,1.00E+126,1.00E+126,1.00E+126,0,0,3496,1.00E+126,1.00E+126,548.3,119.5,1.00E+126,1.00E+126,7:30:48,100,1.00E+126,0,1.00E+126,0,1.00E+126,0,1.00E+126,0,1.00E+126,0,1.00E+126,0,1.00E+126,0,1.00E+126,0,1.00E+126,0,1.00E+126,0,0,1.00E+126,-17891602,1.00E+126,-17891602,1.00E+126,-17891602,1.00E+126,-17891602,1.00E+126,-17891602,1.00E+126,-17891602,1.00E+126,-17891602,1.00E+126,-17891602,1.00E+126,-17891602,1.00E+126,-17891602,-17891602,20140516,2014-5-16 9:22
20140516,IO1412-C-2000,,,247,270.1,247,5571,1.00E+126,1.00E+126,1.00E+126,0,0,5571,1.00E+126,1.00E+126,484.5,55.7,1.00E+126,1.00E+126,7:30:48,100,1.00E+126,0,1.00E+126,0,1.00E+126,0,1.00E+126,0,1.00E+126,0,1.00E+126,0,1.00E+126,0,1.00E+126,0,1.00E+126,0,1.00E+126,0,0,1.00E+126,-17891602,1.00E+126,-17891602,1.00E+126,-17891602,1.00E+126,-17891602,1.00E+126,-17891602,1.00E+126,-17891602,1.00E+126,-17891602,1.00E+126,-17891602,1.00E+126,-17891602,1.00E+126,-17891602,-17891602,20140516,2014-5-16 9:22
20140516,IO1412-C-2100,,,280,290.1,280,4988,1.00E+126,1.00E+126,1.00E+126,0,0,4988,1.00E+126,1.00E+126,504.5,75.7,1.00E+126,1.00E+126,7:30:48,100,1.00E+126,0,1.00E+126,0,1.00E+126,0,1.00E+126,0,1.00E+126,0,1.00E+126,0,1.00E+126,0,1.00E+126,0,1.00E+126,0,1.00E+126,0,0,1.00E+126,-17891602,1.00E+126,-17891602,1.00E+126,-17891602,1.00E+126,-17891602,1.00E+126,-17891602,1.00E+126,-17891602,1.00E+126,-17891602,1.00E+126,-17891602,1.00E+126,-17891602,1.00E+126,-17891602,-17891602,20140516,2014-5-16 9:22
20140516,IO1412-C-2200,,,228.3,116.9,228.3,8584,1.00E+126,1.00E+126,1.00E+126,0,0,8584,1.00E+126,1.00E+126,331.3,0.1,1.00E+126,1.00E+126,7:30:48,100,1.00E+126,0,1.00E+126,0,1.00E+126,0,1.00E+126,0,1.00E+126,0,1.00E+126,0,1.00E+126,0,1.00E+126,0,1.00E+126,0,1.00E+126,0,0,1.00E+126,-17891602,1.00E+126,-17891602,1.00E+126,-17891602,1.00E+126,-17891602,1.00E+126,-17891602,1.00E+126,-17891602,1.00E+126,-17891602,1.00E+126,-17891602,1.00E+126,-17891602,1.00E+126,-17891602,-17891602,20140516,2014-5-16 9:22
20140516,IO1412-C-2300,,,190,190,190,3782,1.00E+126,1.00E+126,1.00E+126,0,0,3782,1.00E+126,1.00E+126,404.4,0.1,1.00E+126,1.00E+126,7:30:48,100,1.00E+126,0,1.00E+126,0,1.00E+126,0,1.00E+126,0,1.00E+126,0,1.00E+126,0,1.00E+126,0,1.00E+126,0,1.00E+126,0,1.00E+126,0,0,1.00E+126,-17891602,1.00E+126,-17891602,1.00E+126,-17891602,1.00E+126,-17891602,1.00E+126,-17891602,1.00E+126,-17891602,1.00E+126,-17891602,1.00E+126,-17891602,1.00E+126,-17891602,1.00E+126,-17891602,-17891602,20140516,2014-5-16 9:22
20140516,IO1412-C-2400,,,155,92.4,155,3274,1.00E+126,1.00E+126,1.00E+126,0,0,3274,1.00E+126,1.00E+126,306.8,0.1,1.00E+126,1.00E+126,7:30:48,100,1.00E+126,0,1.00E+126,0,1.00E+126,0,1.00E+126,0,1.00E+126,0,1.00E+126,0,1.00E+126,0,1.00E+126,0,1.00E+126,0,1.00E+126,0,0,1.00E+126,-17891602,1.00E+126,-17891602,1.00E+126,-17891602,1.00E+126,-17891602,1.00E+126,-17891602,1.00E+126,-17891602,1.00E+126,-17891602,1.00E+126,-17891602,1.00E+126,-17891602,1.00E+126,-17891602,-17891602,20140516,2014-5-16 9:22
20140516,IO1412-C-2500,,,109.9,95.6,109.9,13668,1.00E+126,1.00E+126,1.00E+126,0,0,13668,1.00E+126,1.00E+126,310,0.1,1.00E+126,1.00E+126,7:30:48,100,1.00E+126,0,1.00E+126,0,1.00E+126,0,1.00E+126,0,1.00E+126,0,1.00E+126,0,1.00E+126,0,1.00E+126,0,1.00E+126,0,1.00E+126,0,0,1.00E+126,-17891602,1.00E+126,-17891602,1.00E+126,-17891602,1.00E+126,-17891602,1.00E+126,-17891602,1.00E+126,-17891602,1.00E+126,-17891602,1.00E+126,-17891602,1.00E+126,-17891602,1.00E+126,-17891602,-17891602,20140516,2014-5-16 9:22
20140516,IO1412-P-1900,,,107.7,107.1,107.7,14066,1.00E+126,1.00E+126,1.00E+126,0,0,14066,1.00E+126,1.00E+126,321.5,0.1,1.00E+126,1.00E+126,7:30:48,100,1.00E+126,0,1.00E+126,0,1.00E+126,0,1.00E+126,0,1.00E+126,0,1.00E+126,0,1.00E+126,0,1.00E+126,0,1.00E+126,0,1.00E+126,0,0,1.00E+126,-17891602,1.00E+126,-17891602,1.00E+126,-17891602,1.00E+126,-17891602,1.00E+126,-17891602,1.00E+126,-17891602,1.00E+126,-17891602,1.00E+126,-17891602,1.00E+126,-17891602,1.00E+126,-17891602,-17891602,20140516,2014-5-16 9:22
20140516,IO1412-P-2000,,,90,90,90,5346,1.00E+126,1.00E+126,1.00E+126,0,0,5346,1.00E+126,1.00E+126,304.4,0.1,1.00E+126,1.00E+126,7:30:48,100,1.00E+126,0,1.00E+126,0,1.00E+126,0,1.00E+126,0,1.00E+126,0,1.00E+126,0,1.00E+126,0,1.00E+126,0,1.00E+126,0,1.00E+126,0,0,1.00E+126,-17891602,1.00E+126,-17891602,1.00E+126,-17891602,1.00E+126,-17891602,1.00E+126,-17891602,1.00E+126,-17891602,1.00E+126,-17891602,1.00E+126,-17891602,1.00E+126,-17891602,1.00E+126,-17891602,-17891602,20140516,2014-5-16 9:22
20140516,IO1412-P-2100,,,152.2,152.2,152.2,2804,1.00E+126,1.00E+126,1.00E+126,0,0,2804,1.00E+126,1.00E+126,366.6,0.1,1.00E+126,1.00E+126,7:30:48,100,1.00E+126,0,1.00E+126,0,1.00E+126,0,1.00E+126,0,1.00E+126,0,1.00E+126,0,1.00E+126,0,1.00E+126,0,1.00E+126,0,1.00E+126,0,0,1.00E+126,-17891602,1.00E+126,-17891602,1.00E+126,-17891602,1.00E+126,-17891602,1.00E+126,-17891602,1.00E+126,-17891602,1.00E+126,-17891602,1.00E+126,-17891602,1.00E+126,-17891602,1.00E+126,-17891602,-17891602,20140516,2014-5-16 9:22
20140516,IO1412-P-2200,,,207.5,200.2,207.5,2566,1.00E+126,1.00E+126,1.00E+126,0,0,2566,1.00E+126,1.00E+126,414.6,0.1,1.00E+126,1.00E+126,7:30:48,100,1.00E+126,0,1.00E+126,0,1.00E+126,0,1.00E+126,0,1.00E+126,0,1.00E+126,0,1.00E+126,0,1.00E+126,0,1.00E+126,0,1.00E+126,0,0,1.00E+126,-17891602,1.00E+126,-17891602,1.00E+126,-17891602,1.00E+126,-17891602,1.00E+126,-17891602,1.00E+126,-17891602,1.00E+126,-17891602,1.00E+126,-17891602,1.00E+126,-17891602,1.00E+126,-17891602,-17891602,20140516,2014-5-16 9:22
20140516,IO1412-P-2300,,,287.9,280.5,287.9,4112,1.00E+126,1.00E+126,1.00E+126,0,0,4112,1.00E+126,1.00E+126,494.9,66.1,1.00E+126,1.00E+126,7:30:48,100,1.00E+126,0,1.00E+126,0,1.00E+126,0,1.00E+126,0,1.00E+126,0,1.00E+126,0,1.00E+126,0,1.00E+126,0,1.00E+126,0,1.00E+126,0,0,1.00E+126,-17891602,1.00E+126,-17891602,1.00E+126,-17891602,1.00E+126,-17891602,1.00E+126,-17891602,1.00E+126,-17891602,1.00E+126,-17891602,1.00E+126,-17891602,1.00E+126,-17891602,1.00E+126,-17891602,-17891602,20140516,2014-5-16 9:22
20140516,IO1412-P-2400,,,274.1,354.5,274.1,2031,1.00E+126,1.00E+126,1.00E+126,0,0,2031,1.00E+126,1.00E+126,568.9,140.1,1.00E+126,1.00E+126,7:30:48,100,1.00E+126,0,1.00E+126,0,1.00E+126,0,1.00E+126,0,1.00E+126,0,1.00E+126,0,1.00E+126,0,1.00E+126,0,1.00E+126,0,1.00E+126,0,0,1.00E+126,-17891602,1.00E+126,-17891602,1.00E+126,-17891602,1.00E+126,-17891602,1.00E+126,-17891602,1.00E+126,-17891602,1.00E+126,-17891602,1.00E+126,-17891602,1.00E+126,-17891602,1.00E+126,-17891602,-17891602,20140516,2014-5-16 9:22
20140516,IO1412-P-2500,,,290,438.7,290,1558,1.00E+126,1.00E+126,1.00E+126,0,0,1558,1.00E+126,1.00E+126,653.1,224.3,1.00E+126,1.00E+126,7:30:48,100,1.00E+126,0,1.00E+126,0,1.00E+126,0,1.00E+126,0,1.00E+126,0,1.00E+126,0,1.00E+126,0,1.00E+126,0,1.00E+126,0,1.00E+126,0,0,1.00E+126,-17891602,1.00E+126,-17891602,1.00E+126,-17891602,1.00E+126,-17891602,1.00E+126,-17891602,1.00E+126,-17891602,1.00E+126,-17891602,1.00E+126,-17891602,1.00E+126,-17891602,1.00E+126,-17891602,-17891602,20140516,2014-5-16 9:22
20140516,HO1407-C-1500,,,80,124.2,80,2573,1.00E+126,1.00E+126,1.00E+126,0,0,2573,1.00E+126,1.00E+126,273,0.2,1.00E+126,1.00E+126,9:14:00,100,0.2,5,1.00E+126,0,1.00E+126,0,1.00E+126,0,1.00E+126,0,1.00E+126,0,1.00E+126,0,1.00E+126,0,1.00E+126,0,1.00E+126,0,0,1.00E+126,-17891602,1.00E+126,-17891602,1.00E+126,-17891602,1.00E+126,-17891602,1.00E+126,-17891602,1.00E+126,-17891602,1.00E+126,-17891602,1.00E+126,-17891602,1.00E+126,-17891602,1.00E+126,-17891602,-17891602,20140516,2014-5-16 9:24
20140516,HO1407-P-1500,,,70,150.2,70,2447,1.00E+126,1.00E+126,1.00E+126,0,0,2447,1.00E+126,1.00E+126,299,1.4,1.00E+126,1.00E+126,9:14:00,100,1.00E+126,0,1.00E+126,0,1.00E+126,0,1.00E+126,0,1.00E+126,0,1.00E+126,0,1.00E+126,0,1.00E+126,0,1.00E+126,0,1.00E+126,0,0,1.00E+126,-17891602,1.00E+126,-17891602,1.00E+126,-17891602,1.00E+126,-17891602,1.00E+126,-17891602,1.00E+126,-17891602,1.00E+126,-17891602,1.00E+126,-17891602,1.00E+126,-17891602,1.00E+126,-17891602,-17891602,20140516,2014-5-16 9:24
20140516,HO1407-C-1550,,,139,138.8,139,1367,1.00E+126,1.00E+126,1.00E+126,0,0,1367,1.00E+126,1.00E+126,287.6,0.2,1.00E+126,1.00E+126,9:14:00,100,1.00E+126,0,285,1,1.00E+126,0,1.00E+126,0,1.00E+126,0,1.00E+126,0,1.00E+126,0,1.00E+126,0,1.00E+126,0,1.00E+126,0,0,1.00E+126,-17891602,1.00E+126,-17891602,1.00E+126,-17891602,1.00E+126,-17891602,1.00E+126,-17891602,1.00E+126,-17891602,1.00E+126,-17891602,1.00E+126,-17891602,1.00E+126,-17891602,1.00E+126,-17891602,-17891602,20140516,2014-5-16 9:24
20140516,HO1407-P-1550,,,107,103,107,1936,1.00E+126,1.00E+126,1.00E+126,0,0,1936,1.00E+126,1.00E+126,251.8,0.2,1.00E+126,1.00E+126,9:14:00,100,50,50,1.00E+126,0,1.00E+126,0,1.00E+126,0,1.00E+126,0,1.00E+126,0,1.00E+126,0,1.00E+126,0,1.00E+126,0,1.00E+126,0,0,1.00E+126,-17891602,1.00E+126,-17891602,1.00E+126,-17891602,1.00E+126,-17891602,1.00E+126,-17891602,1.00E+126,-17891602,1.00E+126,-17891602,1.00E+126,-17891602,1.00E+126,-17891602,1.00E+126,-17891602,-17891602,20140516,2014-5-16 9:24
20140516,HO1407-C-1600,,,58,91.6,58,1191,1.00E+126,1.00E+126,1.00E+126,0,0,1191,1.00E+126,1.00E+126,240.4,0.2,1.00E+126,1.00E+126,9:14:00,100,1.00E+126,0,240,1,1.00E+126,0,1.00E+126,0,1.00E+126,0,1.00E+126,0,1.00E+126,0,1.00E+126,0,1.00E+126,0,1.00E+126,0,0,1.00E+126,-17891602,1.00E+126,-17891602,1.00E+126,-17891602,1.00E+126,-17891602,1.00E+126,-17891602,1.00E+126,-17891602,1.00E+126,-17891602,1.00E+126,-17891602,1.00E+126,-17891602,1.00E+126,-17891602,-17891602,20140516,2014-5-16 9:24
20140516,HO1407-P-1600,,,117.8,217,117.8,377,1.00E+126,1.00E+126,1.00E+126,0,0,377,1.00E+126,1.00E+126,365.8,68.2,1.00E+126,1.00E+126,9:14:00,100,100,50,360,50,1.00E+126,0,1.00E+126,0,1.00E+126,0,1.00E+126,0,1.00E+126,0,1.00E+126,0,1.00E+126,0,1.00E+126,0,0,1.00E+126,-17891602,1.00E+126,-17891602,1.00E+126,-17891602,1.00E+126,-17891602,1.00E+126,-17891602,1.00E+126,-17891602,1.00E+126,-17891602,1.00E+126,-17891602,1.00E+126,-17891602,1.00E+126,-17891602,-17891602,20140516,2014-5-16 9:24
20140516,HO1407-C-1650,,,52,80.4,52,1359,1.00E+126,1.00E+126,1.00E+126,0,0,1359,1.00E+126,1.00E+126,229.2,0.2,1.00E+126,1.00E+126,9:14:00,100,1.00E+126,0,220,50,1.00E+126,0,1.00E+126,0,1.00E+126,0,1.00E+126,0,1.00E+126,0,1.00E+126,0,1.00E+126,0,1.00E+126,0,0,1.00E+126,-17891602,1.00E+126,-17891602,1.00E+126,-17891602,1.00E+126,-17891602,1.00E+126,-17891602,1.00E+126,-17891602,1.00E+126,-17891602,1.00E+126,-17891602,1.00E+126,-17891602,1.00E+126,-17891602,-17891602,20140516,2014-5-16 9:24
20140516,HO1407-P-1650,,,163.4,255.6,163.4,502,1.00E+126,1.00E+126,1.00E+126,0,0,502,1.00E+126,1.00E+126,404.4,106.8,1.00E+126,1.00E+126,9:14:00,100,150,100,400,50,1.00E+126,0,1.00E+126,0,1.00E+126,0,1.00E+126,0,1.00E+126,0,1.00E+126,0,1.00E+126,0,1.00E+126,0,0,1.00E+126,-17891602,1.00E+126,-17891602,1.00E+126,-17891602,1.00E+126,-17891602,1.00E+126,-17891602,1.00E+126,-17891602,1.00E+126,-17891602,1.00E+126,-17891602,1.00E+126,-17891602,1.00E+126,-17891602,-17891602,20140516,2014-5-16 9:24
20140516,HO1407-C-1450,,,107,107,107,620,1.00E+126,1.00E+126,1.00E+126,0,0,620,1.00E+126,1.00E+126,255.8,0.2,1.00E+126,1.00E+126,9:14:00,100,10,50,1.00E+126,0,1.00E+126,0,1.00E+126,0,1.00E+126,0,1.00E+126,0,1.00E+126,0,1.00E+126,0,1.00E+126,0,1.00E+126,0,0,1.00E+126,-17891602,1.00E+126,-17891602,1.00E+126,-17891602,1.00E+126,-17891602,1.00E+126,-17891602,1.00E+126,-17891602,1.00E+126,-17891602,1.00E+126,-17891602,1.00E+126,-17891602,1.00E+126,-17891602,-17891602,20140516,2014-5-16 9:24
20140516,HO1407-P-1450,,,200,90.4,91,1068,200,200,200,726,14520000,1068,1.00E+126,1.00E+126,239.2,0.2,1.00E+126,1.00E+126,9:14:00,100,1.00E+126,0,200,174,1.00E+126,0,1.00E+126,0,1.00E+126,0,1.00E+126,0,1.00E+126,0,1.00E+126,0,1.00E+126,0,1.00E+126,0,20000,1.00E+126,-17891602,1.00E+126,-17891602,1.00E+126,-17891602,1.00E+126,-17891602,1.00E+126,-17891602,1.00E+126,-17891602,1.00E+126,-17891602,1.00E+126,-17891602,1.00E+126,-17891602,1.00E+126,-17891602,-17891602,20140516,2014-5-16 9:24
20140516,HO1407-C-1400,,,133.6,133.6,133.6,669,1.00E+126,1.00E+126,1.00E+126,0,0,669,1.00E+126,1.00E+126,282.4,0.2,1.00E+126,1.00E+126,9:14:00,100,40,50,1.00E+126,0,1.00E+126,0,1.00E+126,0,1.00E+126,0,1.00E+126,0,1.00E+126,0,1.00E+126,0,1.00E+126,0,1.00E+126,0,0,1.00E+126,-17891602,1.00E+126,-17891602,1.00E+126,-17891602,1.00E+126,-17891602,1.00E+126,-17891602,1.00E+126,-17891602,1.00E+126,-17891602,1.00E+126,-17891602,1.00E+126,-17891602,1.00E+126,-17891602,-17891602,20140516,2014-5-16 9:24
20140516,HO1407-P-1400,,,37,99.2,37,3755,1.00E+126,1.00E+126,1.00E+126,0,0,3755,1.00E+126,1.00E+126,248,0.2,1.00E+126,1.00E+126,9:14:00,100,1.00E+126,0,1.00E+126,0,1.00E+126,0,1.00E+126,0,1.00E+126,0,1.00E+126,0,1.00E+126,0,1.00E+126,0,1.00E+126,0,1.00E+126,0,0,1.00E+126,-17891602,1.00E+126,-17891602,1.00E+126,-17891602,1.00E+126,-17891602,1.00E+126,-17891602,1.00E+126,-17891602,1.00E+126,-17891602,1.00E+126,-17891602,1.00E+126,-17891602,1.00E+126,-17891602,-17891602,20140516,2014-5-16 9:24
20140516,HO1407-C-1350,,,161.8,203,161.8,564,1.00E+126,1.00E+126,1.00E+126,0,0,564,1.00E+126,1.00E+126,351.8,54.2,1.00E+126,1.00E+126,9:14:00,100,90,50,1.00E+126,0,1.00E+126,0,1.00E+126,0,1.00E+126,0,1.00E+126,0,1.00E+126,0,1.00E+126,0,1.00E+126,0,1.00E+126,0,0,1.00E+126,-17891602,1.00E+126,-17891602,1.00E+126,-17891602,1.00E+126,-17891602,1.00E+126,-17891602,1.00E+126,-17891602,1.00E+126,-17891602,1.00E+126,-17891602,1.00E+126,-17891602,1.00E+126,-17891602,-17891602,20140516,2014-5-16 9:24
20140516,HO1407-P-1350,,,80,80,80,554,1.00E+126,1.00E+126,1.00E+126,0,0,554,1.00E+126,1.00E+126,228.8,0.2,1.00E+126,1.00E+126,9:14:00,100,10,1,220,51,1.00E+126,0,1.00E+126,0,1.00E+126,0,1.00E+126,0,1.00E+126,0,1.00E+126,0,1.00E+126,0,1.00E+126,0,0,1.00E+126,-17891602,1.00E+126,-17891602,1.00E+126,-17891602,1.00E+126,-17891602,1.00E+126,-17891602,1.00E+126,-17891602,1.00E+126,-17891602,1.00E+126,-17891602,1.00E+126,-17891602,1.00E+126,-17891602,-17891602,20140516,2014-5-16 9:24
20140516,HO1405-C-1450,,,63.8,62.2,63.8,16954,1.00E+126,1.00E+126,1.00E+126,0,0,16954,1.00E+126,1.00E+126,211,0.2,1.00E+126,1.00E+126,9:14:00,100,5,2,130,15,1.00E+126,0,1.00E+126,0,1.00E+126,0,1.00E+126,0,1.00E+126,0,1.00E+126,0,1.00E+126,0,1.00E+126,0,0,1.00E+126,-17891602,1.00E+126,-17891602,1.00E+126,-17891602,1.00E+126,-17891602,1.00E+126,-17891602,1.00E+126,-17891602,1.00E+126,-17891602,1.00E+126,-17891602,1.00E+126,-17891602,1.00E+126,-17891602,-17891602,20140516,2014-5-16 9:24
20140516,HO1405-P-1450,,,5,4.8,5,6069,1.00E+126,1.00E+126,1.00E+126,0,0,6069,1.00E+126,1.00E+126,153.6,0.2,1.00E+126,1.00E+126,9:14:00,100,0.2,10,80,2,1.00E+126,0,1.00E+126,0,1.00E+126,0,1.00E+126,0,1.00E+126,0,1.00E+126,0,1.00E+126,0,1.00E+126,0,0,1.00E+126,-17891602,1.00E+126,-17891602,1.00E+126,-17891602,1.00E+126,-17891602,1.00E+126,-17891602,1.00E+126,-17891602,1.00E+126,-17891602,1.00E+126,-17891602,1.00E+126,-17891602,1.00E+126,-17891602,-17891602,20140516,2014-5-16 9:24
20140516,IO1405-P-2250,,,96.2,102.2,96.2,79729,1.00E+126,1.00E+126,1.00E+126,0,0,79729,1.00E+126,1.00E+126,316.6,0.1,1.00E+126,1.00E+126,7:30:48,100,1.00E+126,0,1.00E+126,0,1.00E+126,0,1.00E+126,0,1.00E+126,0,1.00E+126,0,1.00E+126,0,1.00E+126,0,1.00E+126,0,1.00E+126,0,0,1.00E+126,-17891602,1.00E+126,-17891602,1.00E+126,-17891602,1.00E+126,-17891602,1.00E+126,-17891602,1.00E+126,-17891602,1.00E+126,-17891602,1.00E+126,-17891602,1.00E+126,-17891602,1.00E+126,-17891602,-17891602,20140516,2014-5-16 9:22
20140516,IO1405-P-2300,,,147,152.1,147,11797,1.00E+126,1.00E+126,1.00E+126,0,0,11797,1.00E+126,1.00E+126,366.5,0.1,1.00E+126,1.00E+126,7:30:48,100,1.00E+126,0,1.00E+126,0,1.00E+126,0,1.00E+126,0,1.00E+126,0,1.00E+126,0,1.00E+126,0,1.00E+126,0,1.00E+126,0,1.00E+126,0,0,1.00E+126,-17891602,1.00E+126,-17891602,1.00E+126,-17891602,1.00E+126,-17891602,1.00E+126,-17891602,1.00E+126,-17891602,1.00E+126,-17891602,1.00E+126,-17891602,1.00E+126,-17891602,1.00E+126,-17891602,-17891602,20140516,2014-5-16 9:22
20140516,IO1405-P-2350,,,203.7,202.5,203.7,6690,1.00E+126,1.00E+126,1.00E+126,0,0,6690,1.00E+126,1.00E+126,416.9,0.1,1.00E+126,1.00E+126,7:30:48,100,1.00E+126,0,1.00E+126,0,1.00E+126,0,1.00E+126,0,1.00E+126,0,1.00E+126,0,1.00E+126,0,1.00E+126,0,1.00E+126,0,1.00E+126,0,0,1.00E+126,-17891602,1.00E+126,-17891602,1.00E+126,-17891602,1.00E+126,-17891602,1.00E+126,-17891602,1.00E+126,-17891602,1.00E+126,-17891602,1.00E+126,-17891602,1.00E+126,-17891602,1.00E+126,-17891602,-17891602,20140516,2014-5-16 9:22
20140516,IO1405-P-2400,,,250,252.1,250,17206,1.00E+126,1.00E+126,1.00E+126,0,0,17206,1.00E+126,1.00E+126,466.5,37.7,1.00E+126,1.00E+126,7:30:48,100,1.00E+126,0,1.00E+126,0,1.00E+126,0,1.00E+126,0,1.00E+126,0,1.00E+126,0,1.00E+126,0,1.00E+126,0,1.00E+126,0,1.00E+126,0,0,1.00E+126,-17891602,1.00E+126,-17891602,1.00E+126,-17891602,1.00E+126,-17891602,1.00E+126,-17891602,1.00E+126,-17891602,1.00E+126,-17891602,1.00E+126,-17891602,1.00E+126,-17891602,1.00E+126,-17891602,-17891602,20140516,2014-5-16 9:22
20140516,IO1406-C-1900,,,307.1,309,307.1,10593,1.00E+126,1.00E+126,1.00E+126,0,0,10593,1.00E+126,1.00E+126,523.4,94.6,1.00E+126,1.00E+126,7:30:48,100,1.00E+126,0,1.00E+126,0,1.00E+126,0,1.00E+126,0,1.00E+126,0,1.00E+126,0,1.00E+126,0,1.00E+126,0,1.00E+126,0,1.00E+126,0,0,1.00E+126,-17891602,1.00E+126,-17891602,1.00E+126,-17891602,1.00E+126,-17891602,1.00E+126,-17891602,1.00E+126,-17891602,1.00E+126,-17891602,1.00E+126,-17891602,1.00E+126,-17891602,1.00E+126,-17891602,-17891602,20140516,2014-5-16 9:22
20140516,IO1406-C-2000,,,174.8,207.7,174.8,11520,1.00E+126,1.00E+126,1.00E+126,0,0,11520,1.00E+126,1.00E+126,422.1,0.1,1.00E+126,1.00E+126,7:30:48,100,1.00E+126,0,1.00E+126,0,1.00E+126,0,1.00E+126,0,1.00E+126,0,1.00E+126,0,1.00E+126,0,1.00E+126,0,1.00E+126,0,1.00E+126,0,0,1.00E+126,-17891602,1.00E+126,-17891602,1.00E+126,-17891602,1.00E+126,-17891602,1.00E+126,-17891602,1.00E+126,-17891602,1.00E+126,-17891602,1.00E+126,-17891602,1.00E+126,-17891602,1.00E+126,-17891602,-17891602,20140516,2014-5-16 9:22
20140516,IO1406-C-2050,,,189.1,187.2,189.1,9709,1.00E+126,1.00E+126,1.00E+126,0,0,9709,1.00E+126,1.00E+126,401.6,0.1,1.00E+126,1.00E+126,7:30:48,100,1.00E+126,0,1.00E+126,0,1.00E+126,0,1.00E+126,0,1.00E+126,0,1.00E+126,0,1.00E+126,0,1.00E+126,0,1.00E+126,0,1.00E+126,0,0,1.00E+126,-17891602,1.00E+126,-17891602,1.00E+126,-17891602,1.00E+126,-17891602,1.00E+126,-17891602,1.00E+126,-17891602,1.00E+126,-17891602,1.00E+126,-17891602,1.00E+126,-17891602,1.00E+126,-17891602,-17891602,20140516,2014-5-16 9:22
20140516,IO1406-C-2100,,,169,167.2,169,32796,1.00E+126,1.00E+126,1.00E+126,0,0,32796,1.00E+126,1.00E+126,381.6,0.1,1.00E+126,1.00E+126,7:30:48,100,1.00E+126,0,1.00E+126,0,1.00E+126,0,1.00E+126,0,1.00E+126,0,1.00E+126,0,1.00E+126,0,1.00E+126,0,1.00E+126,0,1.00E+126,0,0,1.00E+126,-17891602,1.00E+126,-17891602,1.00E+126,-17891602,1.00E+126,-17891602,1.00E+126,-17891602,1.00E+126,-17891602,1.00E+126,-17891602,1.00E+126,-17891602,1.00E+126,-17891602,1.00E+126,-17891602,-17891602,20140516,2014-5-16 9:22
20140516,IO1406-C-2150,,,118.1,117.1,118.1,11464,1.00E+126,1.00E+126,1.00E+126,0,0,11464,1.00E+126,1.00E+126,331.5,0.1,1.00E+126,1.00E+126,7:30:48,100,1.00E+126,0,1.00E+126,0,1.00E+126,0,1.00E+126,0,1.00E+126,0,1.00E+126,0,1.00E+126,0,1.00E+126,0,1.00E+126,0,1.00E+126,0,0,1.00E+126,-17891602,1.00E+126,-17891602,1.00E+126,-17891602,1.00E+126,-17891602,1.00E+126,-17891602,1.00E+126,-17891602,1.00E+126,-17891602,1.00E+126,-17891602,1.00E+126,-17891602,1.00E+126,-17891602,-17891602,20140516,2014-5-16 9:22
20140516,IO1406-C-2200,,,89.7,88.7,89.7,33381,1.00E+126,1.00E+126,1.00E+126,0,0,33381,1.00E+126,1.00E+126,303.1,0.1,1.00E+126,1.00E+126,7:30:48,100,1.00E+126,0,1.00E+126,0,1.00E+126,0,1.00E+126,0,1.00E+126,0,1.00E+126,0,1.00E+126,0,1.00E+126,0,1.00E+126,0,1.00E+126,0,0,1.00E+126,-17891602,1.00E+126,-17891602,1.00E+126,-17891602,1.00E+126,-17891602,1.00E+126,-17891602,1.00E+126,-17891602,1.00E+126,-17891602,1.00E+126,-17891602,1.00E+126,-17891602,1.00E+126,-17891602,-17891602,20140516,2014-5-16 9:22
20140516,IO1406-C-2250,,,61.6,61.8,61.6,15771,1.00E+126,1.00E+126,1.00E+126,0,0,15771,1.00E+126,1.00E+126,276.2,0.1,1.00E+126,1.00E+126,7:30:48,100,1.00E+126,0,1.00E+126,0,1.00E+126,0,1.00E+126,0,1.00E+126,0,1.00E+126,0,1.00E+126,0,1.00E+126,0,1.00E+126,0,1.00E+126,0,0,1.00E+126,-17891602,1.00E+126,-17891602,1.00E+126,-17891602,1.00E+126,-17891602,1.00E+126,-17891602,1.00E+126,-17891602,1.00E+126,-17891602,1.00E+126,-17891602,1.00E+126,-17891602,1.00E+126,-17891602,-17891602,20140516,2014-5-16 9:22
20140516,IO1406-C-2300,,,50,52.2,50,10949,1.00E+126,1.00E+126,1.00E+126,0,0,10949,1.00E+126,1.00E+126,266.6,0.1,1.00E+126,1.00E+126,7:30:48,100,1.00E+126,0,1.00E+126,0,1.00E+126,0,1.00E+126,0,1.00E+126,0,1.00E+126,0,1.00E+126,0,1.00E+126,0,1.00E+126,0,1.00E+126,0,0,1.00E+126,-17891602,1.00E+126,-17891602,1.00E+126,-17891602,1.00E+126,-17891602,1.00E+126,-17891602,1.00E+126,-17891602,1.00E+126,-17891602,1.00E+126,-17891602,1.00E+126,-17891602,1.00E+126,-17891602,-17891602,20140516,2014-5-16 9:22
20140516,IO1406-C-2350,,,33.1,33,33.1,17078,1.00E+126,1.00E+126,1.00E+126,0,0,17078,1.00E+126,1.00E+126,247.4,0.1,1.00E+126,1.00E+126,7:30:48,100,1.00E+126,0,1.00E+126,0,1.00E+126,0,1.00E+126,0,1.00E+126,0,1.00E+126,0,1.00E+126,0,1.00E+126,0,1.00E+126,0,1.00E+126,0,0,1.00E+126,-17891602,1.00E+126,-17891602,1.00E+126,-17891602,1.00E+126,-17891602,1.00E+126,-17891602,1.00E+126,-17891602,1.00E+126,-17891602,1.00E+126,-17891602,1.00E+126,-17891602,1.00E+126,-17891602,-17891602,20140516,2014-5-16 9:22
20140516,IO1406-C-2400,,,32,32,32,15642,1.00E+126,1.00E+126,1.00E+126,0,0,15642,1.00E+126,1.00E+126,246.4,0.1,1.00E+126,1.00E+126,7:30:48,100,1.00E+126,0,1.00E+126,0,1.00E+126,0,1.00E+126,0,1.00E+126,0,1.00E+126,0,1.00E+126,0,1.00E+126,0,1.00E+126,0,1.00E+126,0,0,1.00E+126,-17891602,1.00E+126,-17891602,1.00E+126,-17891602,1.00E+126,-17891602,1.00E+126,-17891602,1.00E+126,-17891602,1.00E+126,-17891602,1.00E+126,-17891602,1.00E+126,-17891602,1.00E+126,-17891602,-17891602,20140516,2014-5-16 9:22
20140516,IO1406-C-2500,,,20,24.9,20,12275,1.00E+126,1.00E+126,1.00E+126,0,0,12275,1.00E+126,1.00E+126,239.3,0.1,1.00E+126,1.00E+126,7:30:48,100,1.00E+126,0,1.00E+126,0,1.00E+126,0,1.00E+126,0,1.00E+126,0,1.00E+126,0,1.00E+126,0,1.00E+126,0,1.00E+126,0,1.00E+126,0,0,1.00E+126,-17891602,1.00E+126,-17891602,1.00E+126,-17891602,1.00E+126,-17891602,1.00E+126,-17891602,1.00E+126,-17891602,1.00E+126,-17891602,1.00E+126,-17891602,1.00E+126,-17891602,1.00E+126,-17891602,-17891602,20140516,2014-5-16 9:22
20140516,IO1406-C-2600,,,1.5,4.3,1.5,42091,1.00E+126,1.00E+126,1.00E+126,0,0,42091,1.00E+126,1.00E+126,218.7,0.1,1.00E+126,1.00E+126,7:30:48,100,1.00E+126,0,1.00E+126,0,1.00E+126,0,1.00E+126,0,1.00E+126,0,1.00E+126,0,1.00E+126,0,1.00E+126,0,1.00E+126,0,1.00E+126,0,0,1.00E+126,-17891602,1.00E+126,-17891602,1.00E+126,-17891602,1.00E+126,-17891602,1.00E+126,-17891602,1.00E+126,-17891602,1.00E+126,-17891602,1.00E+126,-17891602,1.00E+126,-17891602,1.00E+126,-17891602,-17891602,20140516,2014-5-16 9:22
20140516,IO1406-C-2700,,,2.8,3.9,2.8,403267,1.00E+126,1.00E+126,1.00E+126,0,0,403267,1.00E+126,1.00E+126,218.3,0.1,1.00E+126,1.00E+126,7:30:48,100,1.00E+126,0,1.00E+126,0,1.00E+126,0,1.00E+126,0,1.00E+126,0,1.00E+126,0,1.00E+126,0,1.00E+126,0,1.00E+126,0,1.00E+126,0,0,1.00E+126,-17891602,1.00E+126,-17891602,1.00E+126,-17891602,1.00E+126,-17891602,1.00E+126,-17891602,1.00E+126,-17891602,1.00E+126,-17891602,1.00E+126,-17891602,1.00E+126,-17891602,1.00E+126,-17891602,-17891602,20140516,2014-5-16 9:22
20140516,IO1406-P-1900,,,3,3,3,75889,1.00E+126,1.00E+126,1.00E+126,0,0,75889,1.00E+126,1.00E+126,217.4,0.1,1.00E+126,1.00E+126,7:30:48,100,1.00E+126,0,1.00E+126,0,1.00E+126,0,1.00E+126,0,1.00E+126,0,1.00E+126,0,1.00E+126,0,1.00E+126,0,1.00E+126,0,1.00E+126,0,0,1.00E+126,-17891602,1.00E+126,-17891602,1.00E+126,-17891602,1.00E+126,-17891602,1.00E+126,-17891602,1.00E+126,-17891602,1.00E+126,-17891602,1.00E+126,-17891602,1.00E+126,-17891602,1.00E+126,-17891602,-17891602,20140516,2014-5-16 9:22
20140516,IO1406-P-2000,,,24.5,21.7,24.5,11699,1.00E+126,1.00E+126,1.00E+126,0,0,11699,1.00E+126,1.00E+126,236.1,0.1,1.00E+126,1.00E+126,7:30:48,100,1.00E+126,0,1.00E+126,0,1.00E+126,0,1.00E+126,0,1.00E+126,0,1.00E+126,0,1.00E+126,0,1.00E+126,0,1.00E+126,0,1.00E+126,0,0,1.00E+126,-17891602,1.00E+126,-17891602,1.00E+126,-17891602,1.00E+126,-17891602,1.00E+126,-17891602,1.00E+126,-17891602,1.00E+126,-17891602,1.00E+126,-17891602,1.00E+126,-17891602,1.00E+126,-17891602,-17891602,20140516,2014-5-16 9:22
20140516,IO1406-P-2050,,,33,41.3,33,8231,1.00E+126,1.00E+126,1.00E+126,0,0,8231,1.00E+126,1.00E+126,255.7,0.1,1.00E+126,1.00E+126,7:30:48,100,1.00E+126,0,1.00E+126,0,1.00E+126,0,1.00E+126,0,1.00E+126,0,1.00E+126,0,1.00E+126,0,1.00E+126,0,1.00E+126,0,1.00E+126,0,0,1.00E+126,-17891602,1.00E+126,-17891602,1.00E+126,-17891602,1.00E+126,-17891602,1.00E+126,-17891602,1.00E+126,-17891602,1.00E+126,-17891602,1.00E+126,-17891602,1.00E+126,-17891602,1.00E+126,-17891602,-17891602,20140516,2014-5-16 9:22
20140516,IO1406-P-2100,,,54.1,53.7,54.1,14584,1.00E+126,1.00E+126,1.00E+126,0,0,14584,1.00E+126,1.00E+126,268.1,0.1,1.00E+126,1.00E+126,7:30:48,100,1.00E+126,0,1.00E+126,0,1.00E+126,0,1.00E+126,0,1.00E+126,0,1.00E+126,0,1.00E+126,0,1.00E+126,0,1.00E+126,0,1.00E+126,0,0,1.00E+126,-17891602,1.00E+126,-17891602,1.00E+126,-17891602,1.00E+126,-17891602,1.00E+126,-17891602,1.00E+126,-17891602,1.00E+126,-17891602,1.00E+126,-17891602,1.00E+126,-17891602,1.00E+126,-17891602,-17891602,20140516,2014-5-16 9:22
20140516,IO1406-P-2150,,,81.3,80.3,81.3,6748,1.00E+126,1.00E+126,1.00E+126,0,0,6748,1.00E+126,1.00E+126,294.7,0.1,1.00E+126,1.00E+126,7:30:48,100,1.00E+126,0,1.00E+126,0,1.00E+126,0,1.00E+126,0,1.00E+126,0,1.00E+126,0,1.00E+126,0,1.00E+126,0,1.00E+126,0,1.00E+126,0,0,1.00E+126,-17891602,1.00E+126,-17891602,1.00E+126,-17891602,1.00E+126,-17891602,1.00E+126,-17891602,1.00E+126,-17891602,1.00E+126,-17891602,1.00E+126,-17891602,1.00E+126,-17891602,1.00E+126,-17891602,-17891602,20140516,2014-5-16 9:22
20140516,IO1406-P-2200,,,100,102.8,100,13968,1.00E+126,1.00E+126,1.00E+126,0,0,13968,1.00E+126,1.00E+126,317.2,0.1,1.00E+126,1.00E+126,7:30:48,100,1.00E+126,0,1.00E+126,0,1.00E+126,0,1.00E+126,0,1.00E+126,0,1.00E+126,0,1.00E+126,0,1.00E+126,0,1.00E+126,0,1.00E+126,0,0,1.00E+126,-17891602,1.00E+126,-17891602,1.00E+126,-17891602,1.00E+126,-17891602,1.00E+126,-17891602,1.00E+126,-17891602,1.00E+126,-17891602,1.00E+126,-17891602,1.00E+126,-17891602,1.00E+126,-17891602,-17891602,20140516,2014-5-16 9:22
20140516,IO1406-P-2250,,,145.9,146.1,145.9,5145,1.00E+126,1.00E+126,1.00E+126,0,0,5145,1.00E+126,1.00E+126,360.5,0.1,1.00E+126,1.00E+126,7:30:48,100,1.00E+126,0,1.00E+126,0,1.00E+126,0,1.00E+126,0,1.00E+126,0,1.00E+126,0,1.00E+126,0,1.00E+126,0,1.00E+126,0,1.00E+126,0,0,1.00E+126,-17891602,1.00E+126,-17891602,1.00E+126,-17891602,1.00E+126,-17891602,1.00E+126,-17891602,1.00E+126,-17891602,1.00E+126,-17891602,1.00E+126,-17891602,1.00E+126,-17891602,1.00E+126,-17891602,-17891602,20140516,2014-5-16 9:22
20140516,IO1406-P-2300,,,195,198.6,195,5470,1.00E+126,1.00E+126,1.00E+126,0,0,5470,1.00E+126,1.00E+126,413,0.1,1.00E+126,1.00E+126,7:30:48,100,1.00E+126,0,1.00E+126,0,1.00E+126,0,1.00E+126,0,1.00E+126,0,1.00E+126,0,1.00E+126,0,1.00E+126,0,1.00E+126,0,1.00E+126,0,0,1.00E+126,-17891602,1.00E+126,-17891602,1.00E+126,-17891602,1.00E+126,-17891602,1.00E+126,-17891602,1.00E+126,-17891602,1.00E+126,-17891602,1.00E+126,-17891602,1.00E+126,-17891602,1.00E+126,-17891602,-17891602,20140516,2014-5-16 9:22
20140516,IO1406-P-2350,,,199.2,247.1,199.2,2187,1.00E+126,1.00E+126,1.00E+126,0,0,2187,1.00E+126,1.00E+126,461.5,32.7,1.00E+126,1.00E+126,7:30:48,100,1.00E+126,0,1.00E+126,0,1.00E+126,0,1.00E+126,0,1.00E+126,0,1.00E+126,0,1.00E+126,0,1.00E+126,0,1.00E+126,0,1.00E+126,0,0,1.00E+126,-17891602,1.00E+126,-17891602,1.00E+126,-17891602,1.00E+126,-17891602,1.00E+126,-17891602,1.00E+126,-17891602,1.00E+126,-17891602,1.00E+126,-17891602,1.00E+126,-17891602,1.00E+126,-17891602,-17891602,20140516,2014-5-16 9:22
20140516,IO1406-P-2400,,,250,295.9,250,5880,1.00E+126,1.00E+126,1.00E+126,0,0,5880,1.00E+126,1.00E+126,510.3,81.5,1.00E+126,1.00E+126,7:30:48,100,1.00E+126,0,1.00E+126,0,1.00E+126,0,1.00E+126,0,1.00E+126,0,1.00E+126,0,1.00E+126,0,1.00E+126,0,1.00E+126,0,1.00E+126,0,0,1.00E+126,-17891602,1.00E+126,-17891602,1.00E+126,-17891602,1.00E+126,-17891602,1.00E+126,-17891602,1.00E+126,-17891602,1.00E+126,-17891602,1.00E+126,-17891602,1.00E+126,-17891602,1.00E+126,-17891602,-17891602,20140516,2014-5-16 9:22
20140516,IO1406-P-2500,,,339,387.6,339,2756,1.00E+126,1.00E+126,1.00E+126,0,0,2756,1.00E+126,1.00E+126,602,173.2,1.00E+126,1.00E+126,7:30:48,100,1.00E+126,0,1.00E+126,0,1.00E+126,0,1.00E+126,0,1.00E+126,0,1.00E+126,0,1.00E+126,0,1.00E+126,0,1.00E+126,0,1.00E+126,0,0,1.00E+126,-17891602,1.00E+126,-17891602,1.00E+126,-17891602,1.00E+126,-17891602,1.00E+126,-17891602,1.00E+126,-17891602,1.00E+126,-17891602,1.00E+126,-17891602,1.00E+126,-17891602,1.00E+126,-17891602,-17891602,20140516,2014-5-16 9:22
20140516,IO1406-P-2600,,,433,477.4,433,4285,1.00E+126,1.00E+126,1.00E+126,0,0,4285,1.00E+126,1.00E+126,691.8,263,1.00E+126,1.00E+126,7:30:48,100,1.00E+126,0,1.00E+126,0,1.00E+126,0,1.00E+126,0,1.00E+126,0,1.00E+126,0,1.00E+126,0,1.00E+126,0,1.00E+126,0,1.00E+126,0,0,1.00E+126,-17891602,1.00E+126,-17891602,1.00E+126,-17891602,1.00E+126,-17891602,1.00E+126,-17891602,1.00E+126,-17891602,1.00E+126,-17891602,1.00E+126,-17891602,1.00E+126,-17891602,1.00E+126,-17891602,-17891602,20140516,2014-5-16 9:22
20140516,IO1406-P-2700,,,554,570.9,554,2233,1.00E+126,1.00E+126,1.00E+126,0,0,2233,1.00E+126,1.00E+126,785.3,356.5,1.00E+126,1.00E+126,7:30:48,100,1.00E+126,0,1.00E+126,0,1.00E+126,0,1.00E+126,0,1.00E+126,0,1.00E+126,0,1.00E+126,0,1.00E+126,0,1.00E+126,0,1.00E+126,0,0,1.00E+126,-17891602,1.00E+126,-17891602,1.00E+126,-17891602,1.00E+126,-17891602,1.00E+126,-17891602,1.00E+126,-17891602,1.00E+126,-17891602,1.00E+126,-17891602,1.00E+126,-17891602,1.00E+126,-17891602,-17891602,20140516,2014-5-16 9:22
20140516,IO1407-C-2000,,,368,313.7,368,565,1.00E+126,1.00E+126,1.00E+126,0,0,565,1.00E+126,1.00E+126,528.1,99.3,1.00E+126,1.00E+126,7:30:48,100,1.00E+126,0,1.00E+126,0,1.00E+126,0,1.00E+126,0,1.00E+126,0,1.00E+126,0,1.00E+126,0,1.00E+126,0,1.00E+126,0,1.00E+126,0,0,1.00E+126,-17891602,1.00E+126,-17891602,1.00E+126,-17891602,1.00E+126,-17891602,1.00E+126,-17891602,1.00E+126,-17891602,1.00E+126,-17891602,1.00E+126,-17891602,1.00E+126,-17891602,1.00E+126,-17891602,-17891602,20140516,2014-5-16 9:22
20140516,IO1407-C-2050,,,226,282.4,226,3068,1.00E+126,1.00E+126,1.00E+126,0,0,3068,1.00E+126,1.00E+126,496.8,68,1.00E+126,1.00E+126,7:30:48,100,1.00E+126,0,1.00E+126,0,1.00E+126,0,1.00E+126,0,1.00E+126,0,1.00E+126,0,1.00E+126,0,1.00E+126,0,1.00E+126,0,1.00E+126,0,0,1.00E+126,-17891602,1.00E+126,-17891602,1.00E+126,-17891602,1.00E+126,-17891602,1.00E+126,-17891602,1.00E+126,-17891602,1.00E+126,-17891602,1.00E+126,-17891602,1.00E+126,-17891602,1.00E+126,-17891602,-17891602,20140516,2014-5-16 9:22
20140516,IO1407-C-2100,,,288,51.4,288,5547,1.00E+126,1.00E+126,1.00E+126,0,0,5547,1.00E+126,1.00E+126,265.8,0.1,1.00E+126,1.00E+126,7:30:48,100,1.00E+126,0,1.00E+126,0,1.00E+126,0,1.00E+126,0,1.00E+126,0,1.00E+126,0,1.00E+126,0,1.00E+126,0,1.00E+126,0,1.00E+126,0,0,1.00E+126,-17891602,1.00E+126,-17891602,1.00E+126,-17891602,1.00E+126,-17891602,1.00E+126,-17891602,1.00E+126,-17891602,1.00E+126,-17891602,1.00E+126,-17891602,1.00E+126,-17891602,1.00E+126,-17891602,-17891602,20140516,2014-5-16 9:22
20140516,IO1407-C-2150,,,244.8,230,244.8,5524,1.00E+126,1.00E+126,1.00E+126,0,0,5524,1.00E+126,1.00E+126,444.4,15.6,1.00E+126,1.00E+126,7:30:48,100,1.00E+126,0,1.00E+126,0,1.00E+126,0,1.00E+126,0,1.00E+126,0,1.00E+126,0,1.00E+126,0,1.00E+126,0,1.00E+126,0,1.00E+126,0,0,1.00E+126,-17891602,1.00E+126,-17891602,1.00E+126,-17891602,1.00E+126,-17891602,1.00E+126,-17891602,1.00E+126,-17891602,1.00E+126,-17891602,1.00E+126,-17891602,1.00E+126,-17891602,1.00E+126,-17891602,-17891602,20140516,2014-5-16 9:22
20140516,IO1407-C-2200,,,264.8,214.9,264.8,6513,1.00E+126,1.00E+126,1.00E+126,0,0,6513,1.00E+126,1.00E+126,429.3,0.5,1.00E+126,1.00E+126,7:30:48,100,1.00E+126,0,1.00E+126,0,1.00E+126,0,1.00E+126,0,1.00E+126,0,1.00E+126,0,1.00E+126,0,1.00E+126,0,1.00E+126,0,1.00E+126,0,0,1.00E+126,-17891602,1.00E+126,-17891602,1.00E+126,-17891602,1.00E+126,-17891602,1.00E+126,-17891602,1.00E+126,-17891602,1.00E+126,-17891602,1.00E+126,-17891602,1.00E+126,-17891602,1.00E+126,-17891602,-17891602,20140516,2014-5-16 9:22
20140516,IO1407-C-2250,,,123,190.2,123,6399,1.00E+126,1.00E+126,1.00E+126,0,0,6399,1.00E+126,1.00E+126,404.6,0.1,1.00E+126,1.00E+126,7:30:48,100,1.00E+126,0,1.00E+126,0,1.00E+126,0,1.00E+126,0,1.00E+126,0,1.00E+126,0,1.00E+126,0,1.00E+126,0,1.00E+126,0,1.00E+126,0,0,1.00E+126,-17891602,1.00E+126,-17891602,1.00E+126,-17891602,1.00E+126,-17891602,1.00E+126,-17891602,1.00E+126,-17891602,1.00E+126,-17891602,1.00E+126,-17891602,1.00E+126,-17891602,1.00E+126,-17891602,-17891602,20140516,2014-5-16 9:22
20140516,IO1407-C-2300,,,60,73.5,60,1306,1.00E+126,1.00E+126,1.00E+126,0,0,1306,1.00E+126,1.00E+126,287.9,0.1,1.00E+126,1.00E+126,7:30:48,100,1.00E+126,0,1.00E+126,0,1.00E+126,0,1.00E+126,0,1.00E+126,0,1.00E+126,0,1.00E+126,0,1.00E+126,0,1.00E+126,0,1.00E+126,0,0,1.00E+126,-17891602,1.00E+126,-17891602,1.00E+126,-17891602,1.00E+126,-17891602,1.00E+126,-17891602,1.00E+126,-17891602,1.00E+126,-17891602,1.00E+126,-17891602,1.00E+126,-17891602,1.00E+126,-17891602,-17891602,20140516,2014-5-16 9:22
20140516,IO1407-C-2350,,,53.1,55.3,53.1,2105,1.00E+126,1.00E+126,1.00E+126,0,0,2105,1.00E+126,1.00E+126,269.7,0.1,1.00E+126,1.00E+126,7:30:48,100,1.00E+126,0,1.00E+126,0,1.00E+126,0,1.00E+126,0,1.00E+126,0,1.00E+126,0,1.00E+126,0,1.00E+126,0,1.00E+126,0,1.00E+126,0,0,1.00E+126,-17891602,1.00E+126,-17891602,1.00E+126,-17891602,1.00E+126,-17891602,1.00E+126,-17891602,1.00E+126,-17891602,1.00E+126,-17891602,1.00E+126,-17891602,1.00E+126,-17891602,1.00E+126,-17891602,-17891602,20140516,2014-5-16 9:22
20140516,IO1407-P-2000,,,20,171,20,2930,1.00E+126,1.00E+126,1.00E+126,0,0,2930,1.00E+126,1.00E+126,385.4,0.1,1.00E+126,1.00E+126,7:30:48,100,1.00E+126,0,1.00E+126,0,1.00E+126,0,1.00E+126,0,1.00E+126,0,1.00E+126,0,1.00E+126,0,1.00E+126,0,1.00E+126,0,1.00E+126,0,0,1.00E+126,-17891602,1.00E+126,-17891602,1.00E+126,-17891602,1.00E+126,-17891602,1.00E+126,-17891602,1.00E+126,-17891602,1.00E+126,-17891602,1.00E+126,-17891602,1.00E+126,-17891602,1.00E+126,-17891602,-17891602,20140516,2014-5-16 9:22
20140516,IO1407-P-2050,,,49.2,49.2,49.2,3129,1.00E+126,1.00E+126,1.00E+126,0,0,3129,1.00E+126,1.00E+126,263.6,0.1,1.00E+126,1.00E+126,7:30:48,100,1.00E+126,0,1.00E+126,0,1.00E+126,0,1.00E+126,0,1.00E+126,0,1.00E+126,0,1.00E+126,0,1.00E+126,0,1.00E+126,0,1.00E+126,0,0,1.00E+126,-17891602,1.00E+126,-17891602,1.00E+126,-17891602,1.00E+126,-17891602,1.00E+126,-17891602,1.00E+126,-17891602,1.00E+126,-17891602,1.00E+126,-17891602,1.00E+126,-17891602,1.00E+126,-17891602,-17891602,20140516,2014-5-16 9:22
20140516,IO1407-P-2100,,,20,20,20,1236,1.00E+126,1.00E+126,1.00E+126,0,0,1236,1.00E+126,1.00E+126,234.4,0.1,1.00E+126,1.00E+126,7:30:48,100,1.00E+126,0,1.00E+126,0,1.00E+126,0,1.00E+126,0,1.00E+126,0,1.00E+126,0,1.00E+126,0,1.00E+126,0,1.00E+126,0,1.00E+126,0,0,1.00E+126,-17891602,1.00E+126,-17891602,1.00E+126,-17891602,1.00E+126,-17891602,1.00E+126,-17891602,1.00E+126,-17891602,1.00E+126,-17891602,1.00E+126,-17891602,1.00E+126,-17891602,1.00E+126,-17891602,-17891602,20140516,2014-5-16 9:22
20140516,IO1407-P-2150,,,105,105,105,2827,1.00E+126,1.00E+126,1.00E+126,0,0,2827,1.00E+126,1.00E+126,319.4,0.1,1.00E+126,1.00E+126,7:30:48,100,1.00E+126,0,1.00E+126,0,1.00E+126,0,1.00E+126,0,1.00E+126,0,1.00E+126,0,1.00E+126,0,1.00E+126,0,1.00E+126,0,1.00E+126,0,0,1.00E+126,-17891602,1.00E+126,-17891602,1.00E+126,-17891602,1.00E+126,-17891602,1.00E+126,-17891602,1.00E+126,-17891602,1.00E+126,-17891602,1.00E+126,-17891602,1.00E+126,-17891602,1.00E+126,-17891602,-17891602,20140516,2014-5-16 9:22
20140516,IO1407-P-2200,,,170,173.1,170,1818,1.00E+126,1.00E+126,1.00E+126,0,0,1818,1.00E+126,1.00E+126,387.5,0.1,1.00E+126,1.00E+126,7:30:48,100,1.00E+126,0,1.00E+126,0,1.00E+126,0,1.00E+126,0,1.00E+126,0,1.00E+126,0,1.00E+126,0,1.00E+126,0,1.00E+126,0,1.00E+126,0,0,1.00E+126,-17891602,1.00E+126,-17891602,1.00E+126,-17891602,1.00E+126,-17891602,1.00E+126,-17891602,1.00E+126,-17891602,1.00E+126,-17891602,1.00E+126,-17891602,1.00E+126,-17891602,1.00E+126,-17891602,-17891602,20140516,2014-5-16 9:22
20140516,IO1407-P-2250,,,165,162.1,165,1378,1.00E+126,1.00E+126,1.00E+126,0,0,1378,1.00E+126,1.00E+126,376.5,0.1,1.00E+126,1.00E+126,7:30:48,100,1.00E+126,0,1.00E+126,0,1.00E+126,0,1.00E+126,0,1.00E+126,0,1.00E+126,0,1.00E+126,0,1.00E+126,0,1.00E+126,0,1.00E+126,0,0,1.00E+126,-17891602,1.00E+126,-17891602,1.00E+126,-17891602,1.00E+126,-17891602,1.00E+126,-17891602,1.00E+126,-17891602,1.00E+126,-17891602,1.00E+126,-17891602,1.00E+126,-17891602,1.00E+126,-17891602,-17891602,20140516,2014-5-16 9:22
20140516,IO1407-P-2300,,,200,252.7,200,4018,1.00E+126,1.00E+126,1.00E+126,0,0,4018,1.00E+126,1.00E+126,467.1,38.3,1.00E+126,1.00E+126,7:30:48,100,1.00E+126,0,1.00E+126,0,1.00E+126,0,1.00E+126,0,1.00E+126,0,1.00E+126,0,1.00E+126,0,1.00E+126,0,1.00E+126,0,1.00E+126,0,0,1.00E+126,-17891602,1.00E+126,-17891602,1.00E+126,-17891602,1.00E+126,-17891602,1.00E+126,-17891602,1.00E+126,-17891602,1.00E+126,-17891602,1.00E+126,-17891602,1.00E+126,-17891602,1.00E+126,-17891602,-17891602,20140516,2014-5-16 9:22
20140516,IO1407-P-2350,,,330.9,291.9,330.9,720,1.00E+126,1.00E+126,1.00E+126,0,0,720,1.00E+126,1.00E+126,506.3,77.5,1.00E+126,1.00E+126,7:30:48,100,1.00E+126,0,1.00E+126,0,1.00E+126,0,1.00E+126,0,1.00E+126,0,1.00E+126,0,1.00E+126,0,1.00E+126,0,1.00E+126,0,1.00E+126,0,0,1.00E+126,-17891602,1.00E+126,-17891602,1.00E+126,-17891602,1.00E+126,-17891602,1.00E+126,-17891602,1.00E+126,-17891602,1.00E+126,-17891602,1.00E+126,-17891602,1.00E+126,-17891602,1.00E+126,-17891602,-17891602,20140516,2014-5-16 9:22
20140516,IO1409-C-1900,,,390,388.6,390,4167,1.00E+126,1.00E+126,1.00E+126,0,0,4167,1.00E+126,1.00E+126,603,174.2,1.00E+126,1.00E+126,7:30:48,100,1.00E+126,0,1.00E+126,0,1.00E+126,0,1.00E+126,0,1.00E+126,0,1.00E+126,0,1.00E+126,0,1.00E+126,0,1.00E+126,0,1.00E+126,0,0,1.00E+126,-17891602,1.00E+126,-17891602,1.00E+126,-17891602,1.00E+126,-17891602,1.00E+126,-17891602,1.00E+126,-17891602,1.00E+126,-17891602,1.00E+126,-17891602,1.00E+126,-17891602,1.00E+126,-17891602,-17891602,20140516,2014-5-16 9:22
20140516,IO1409-C-2000,,,273,281.2,273,2472,1.00E+126,1.00E+126,1.00E+126,0,0,2472,1.00E+126,1.00E+126,495.6,66.8,1.00E+126,1.00E+126,7:30:48,100,1.00E+126,0,1.00E+126,0,1.00E+126,0,1.00E+126,0,1.00E+126,0,1.00E+126,0,1.00E+126,0,1.00E+126,0,1.00E+126,0,1.00E+126,0,0,1.00E+126,-17891602,1.00E+126,-17891602,1.00E+126,-17891602,1.00E+126,-17891602,1.00E+126,-17891602,1.00E+126,-17891602,1.00E+126,-17891602,1.00E+126,-17891602,1.00E+126,-17891602,1.00E+126,-17891602,-17891602,20140516,2014-5-16 9:22
20140516,IO1409-C-2100,,,200,193.3,200,6148,1.00E+126,1.00E+126,1.00E+126,0,0,6148,1.00E+126,1.00E+126,407.7,0.1,1.00E+126,1.00E+126,7:30:48,100,1.00E+126,0,1.00E+126,0,1.00E+126,0,1.00E+126,0,1.00E+126,0,1.00E+126,0,1.00E+126,0,1.00E+126,0,1.00E+126,0,1.00E+126,0,0,1.00E+126,-17891602,1.00E+126,-17891602,1.00E+126,-17891602,1.00E+126,-17891602,1.00E+126,-17891602,1.00E+126,-17891602,1.00E+126,-17891602,1.00E+126,-17891602,1.00E+126,-17891602,1.00E+126,-17891602,-17891602,20140516,2014-5-16 9:22
20140516,IO1409-C-2200,,,204.2,201.4,204.2,5981,1.00E+126,1.00E+126,1.00E+126,0,0,5981,1.00E+126,1.00E+126,415.8,0.1,1.00E+126,1.00E+126,7:30:48,100,1.00E+126,0,1.00E+126,0,1.00E+126,0,1.00E+126,0,1.00E+126,0,1.00E+126,0,1.00E+126,0,1.00E+126,0,1.00E+126,0,1.00E+126,0,0,1.00E+126,-17891602,1.00E+126,-17891602,1.00E+126,-17891602,1.00E+126,-17891602,1.00E+126,-17891602,1.00E+126,-17891602,1.00E+126,-17891602,1.00E+126,-17891602,1.00E+126,-17891602,1.00E+126,-17891602,-17891602,20140516,2014-5-16 9:22
20140516,IO1409-C-2300,,,120,123,120,5435,1.00E+126,1.00E+126,1.00E+126,0,0,5435,1.00E+126,1.00E+126,337.4,0.1,1.00E+126,1.00E+126,7:30:48,100,1.00E+126,0,1.00E+126,0,1.00E+126,0,1.00E+126,0,1.00E+126,0,1.00E+126,0,1.00E+126,0,1.00E+126,0,1.00E+126,0,1.00E+126,0,0,1.00E+126,-17891602,1.00E+126,-17891602,1.00E+126,-17891602,1.00E+126,-17891602,1.00E+126,-17891602,1.00E+126,-17891602,1.00E+126,-17891602,1.00E+126,-17891602,1.00E+126,-17891602,1.00E+126,-17891602,-17891602,20140516,2014-5-16 9:22
20140516,IO1409-C-2400,,,135,178.4,135,6763,1.00E+126,1.00E+126,1.00E+126,0,0,6763,1.00E+126,1.00E+126,392.8,0.1,1.00E+126,1.00E+126,7:30:48,100,1.00E+126,0,1.00E+126,0,1.00E+126,0,1.00E+126,0,1.00E+126,0,1.00E+126,0,1.00E+126,0,1.00E+126,0,1.00E+126,0,1.00E+126,0,0,1.00E+126,-17891602,1.00E+126,-17891602,1.00E+126,-17891602,1.00E+126,-17891602,1.00E+126,-17891602,1.00E+126,-17891602,1.00E+126,-17891602,1.00E+126,-17891602,1.00E+126,-17891602,1.00E+126,-17891602,-17891602,20140516,2014-5-16 9:22
20140516,IO1409-C-2500,,,149.9,119.9,149.9,15639,1.00E+126,1.00E+126,1.00E+126,0,0,15639,1.00E+126,1.00E+126,334.3,0.1,1.00E+126,1.00E+126,7:30:48,100,1.00E+126,0,1.00E+126,0,1.00E+126,0,1.00E+126,0,1.00E+126,0,1.00E+126,0,1.00E+126,0,1.00E+126,0,1.00E+126,0,1.00E+126,0,0,1.00E+126,-17891602,1.00E+126,-17891602,1.00E+126,-17891602,1.00E+126,-17891602,1.00E+126,-17891602,1.00E+126,-17891602,1.00E+126,-17891602,1.00E+126,-17891602,1.00E+126,-17891602,1.00E+126,-17891602,-17891602,20140516,2014-5-16 9:22
20140516,IO1409-P-1900,,,75.4,77.1,75.4,6406,1.00E+126,1.00E+126,1.00E+126,0,0,6406,1.00E+126,1.00E+126,291.5,0.1,1.00E+126,1.00E+126,7:30:48,100,1.00E+126,0,1.00E+126,0,1.00E+126,0,1.00E+126,0,1.00E+126,0,1.00E+126,0,1.00E+126,0,1.00E+126,0,1.00E+126,0,1.00E+126,0,0,1.00E+126,-17891602,1.00E+126,-17891602,1.00E+126,-17891602,1.00E+126,-17891602,1.00E+126,-17891602,1.00E+126,-17891602,1.00E+126,-17891602,1.00E+126,-17891602,1.00E+126,-17891602,1.00E+126,-17891602,-17891602,20140516,2014-5-16 9:22
20140516,IO1409-P-2000,,,86.4,93,86.4,4914,1.00E+126,1.00E+126,1.00E+126,0,0,4914,1.00E+126,1.00E+126,307.4,0.1,1.00E+126,1.00E+126,7:30:48,100,1.00E+126,0,1.00E+126,0,1.00E+126,0,1.00E+126,0,1.00E+126,0,1.00E+126,0,1.00E+126,0,1.00E+126,0,1.00E+126,0,1.00E+126,0,0,1.00E+126,-17891602,1.00E+126,-17891602,1.00E+126,-17891602,1.00E+126,-17891602,1.00E+126,-17891602,1.00E+126,-17891602,1.00E+126,-17891602,1.00E+126,-17891602,1.00E+126,-17891602,1.00E+126,-17891602,-17891602,20140516,2014-5-16 9:22
20140516,IO1409-P-2100,,,95,95.2,95,3377,1.00E+126,1.00E+126,1.00E+126,0,0,3377,1.00E+126,1.00E+126,309.6,0.1,1.00E+126,1.00E+126,7:30:48,100,1.00E+126,0,1.00E+126,0,1.00E+126,0,1.00E+126,0,1.00E+126,0,1.00E+126,0,1.00E+126,0,1.00E+126,0,1.00E+126,0,1.00E+126,0,0,1.00E+126,-17891602,1.00E+126,-17891602,1.00E+126,-17891602,1.00E+126,-17891602,1.00E+126,-17891602,1.00E+126,-17891602,1.00E+126,-17891602,1.00E+126,-17891602,1.00E+126,-17891602,1.00E+126,-17891602,-17891602,20140516,2014-5-16 9:22
20140516,IO1409-P-2200,,,248,248.2,248,6510,1.00E+126,1.00E+126,1.00E+126,0,0,6510,1.00E+126,1.00E+126,462.6,33.8,1.00E+126,1.00E+126,7:30:48,100,1.00E+126,0,1.00E+126,0,1.00E+126,0,1.00E+126,0,1.00E+126,0,1.00E+126,0,1.00E+126,0,1.00E+126,0,1.00E+126,0,1.00E+126,0,0,1.00E+126,-17891602,1.00E+126,-17891602,1.00E+126,-17891602,1.00E+126,-17891602,1.00E+126,-17891602,1.00E+126,-17891602,1.00E+126,-17891602,1.00E+126,-17891602,1.00E+126,-17891602,1.00E+126,-17891602,-17891602,20140516,2014-5-16 9:22
20140516,IO1409-P-2300,,,220,297,220,1799,1.00E+126,1.00E+126,1.00E+126,0,0,1799,1.00E+126,1.00E+126,511.4,82.6,1.00E+126,1.00E+126,7:30:48,100,1.00E+126,0,1.00E+126,0,1.00E+126,0,1.00E+126,0,1.00E+126,0,1.00E+126,0,1.00E+126,0,1.00E+126,0,1.00E+126,0,1.00E+126,0,0,1.00E+126,-17891602,1.00E+126,-17891602,1.00E+126,-17891602,1.00E+126,-17891602,1.00E+126,-17891602,1.00E+126,-17891602,1.00E+126,-17891602,1.00E+126,-17891602,1.00E+126,-17891602,1.00E+126,-17891602,-17891602,20140516,2014-5-16 9:22
20140516,IO1409-P-2400,,,230,451.2,230,2386,1.00E+126,1.00E+126,1.00E+126,0,0,2386,1.00E+126,1.00E+126,665.6,236.8,1.00E+126,1.00E+126,7:30:48,100,1.00E+126,0,1.00E+126,0,1.00E+126,0,1.00E+126,0,1.00E+126,0,1.00E+126,0,1.00E+126,0,1.00E+126,0,1.00E+126,0,1.00E+126,0,0,1.00E+126,-17891602,1.00E+126,-17891602,1.00E+126,-17891602,1.00E+126,-17891602,1.00E+126,-17891602,1.00E+126,-17891602,1.00E+126,-17891602,1.00E+126,-17891602,1.00E+126,-17891602,1.00E+126,-17891602,-17891602,20140516,2014-5-16 9:22
20140516,IO1409-P-2500,,,311,491.6,311,2817,1.00E+126,1.00E+126,1.00E+126,0,0,2817,1.00E+126,1.00E+126,706,277.2,1.00E+126,1.00E+126,7:30:48,100,1.00E+126,0,1.00E+126,0,1.00E+126,0,1.00E+126,0,1.00E+126,0,1.00E+126,0,1.00E+126,0,1.00E+126,0,1.00E+126,0,1.00E+126,0,0,1.00E+126,-17891602,1.00E+126,-17891602,1.00E+126,-17891602,1.00E+126,-17891602,1.00E+126,-17891602,1.00E+126,-17891602,1.00E+126,-17891602,1.00E+126,-17891602,1.00E+126,-17891602,1.00E+126,-17891602,-17891602,20140516,2014-5-16 9:22
20140516,IC1409,,,3756,3775.2,3751.6,14700,3756,3756,3756,100,75120000,14800,1.00E+126,1.00E+126,4152.6,3397.8,1.00E+126,1.00E+126,9:14:00,100,3715.2,50,3815.2,50,1.00E+126,0,1.00E+126,0,1.00E+126,0,1.00E+126,0,1.00E+126,0,1.00E+126,0,1.00E+126,0,1.00E+126,0,751200,1.00E+126,-17891602,1.00E+126,-17891602,1.00E+126,-17891602,1.00E+126,-17891602,1.00E+126,-17891602,1.00E+126,-17891602,1.00E+126,-17891602,1.00E+126,-17891602,1.00E+126,-17891602,1.00E+126,-17891602,-17891602,20140516,2014-5-16 9:24
20140516,IC1412,,,3790.6,3830.4,3787.2,9832,3790.6,3790.6,3790.6,100,75812000,9932,1.00E+126,1.00E+126,4213.4,3447.4,1.00E+126,1.00E+126,9:14:00,100,3730.4,50,3830.4,50,1.00E+126,0,1.00E+126,0,1.00E+126,0,1.00E+126,0,1.00E+126,0,1.00E+126,0,1.00E+126,0,1.00E+126,0,758120,1.00E+126,-17891602,1.00E+126,-17891602,1.00E+126,-17891602,1.00E+126,-17891602,1.00E+126,-17891602,1.00E+126,-17891602,1.00E+126,-17891602,1.00E+126,-17891602,1.00E+126,-17891602,1.00E+126,-17891602,-17891602,20140516,2014-5-16 9:24
20140516,IH1405,,,1488.8,1483.2,1492.8,4053,1488.8,1488.8,1488.8,100,44664000,4153,1.00E+126,1.00E+126,1779.8,1186.6,1.00E+126,1.00E+126,9:14:00,100,1433,1,1.00E+126,0,1.00E+126,0,1.00E+126,0,1.00E+126,0,1.00E+126,0,1.00E+126,0,1.00E+126,0,1.00E+126,0,1.00E+126,0,446640,1.00E+126,-17891602,1.00E+126,-17891602,1.00E+126,-17891602,1.00E+126,-17891602,1.00E+126,-17891602,1.00E+126,-17891602,1.00E+126,-17891602,1.00E+126,-17891602,1.00E+126,-17891602,1.00E+126,-17891602,-17891602,20140516,2014-5-16 9:24
